2448 3264
231 217 1700 136 mit einem oder dem anderen hochgeehrtisten herren

225 301 1741 123 dess hochfrstl. stüffts st. Gallen eine vertraute freünd¬

217 394 1733 111 schafft zu pflegen, ursachen meiner gegen dass hochfstl.

231 470 1702 112 stüfft jederzeit bis dahin ernehrten erkantligkeit von die

225 552 1717 122 vor einigen jahren so villfeltig=empfangene guthaten,

228 633 1724 101 welches eines danckbahren gemüth aller vordernist in denen

228 709 1708 115 gedancken liggen solle; werde demnach möglichist trachten

233 794 1703 103 mich dieser unerwahrteten schönen gelegenheit stattlich zu be¬

244 867 1725 106 ¬dienen. – Wie dan zum voraus meine geringschätzbahren

236 943 1695 109 alinst fertigkeiten nicht nur Mhhr des hochfrst. Stüffts,

247 1025 1673 114 sonderen Mhl vetteren in particularj will anerbotten

236 1098 1703 115 haben, so fern sie angenemb und avantagieux Ihnen

252 1175 1698 122 seyn konnte @@ damit ich aber mich der kürtze bedie¬

244 1251 1708 119 ¬ne, so sage, wie das ich in durchlesung dero choverehrtiste

250 1327 1702 125 verstanden, das in der hochfrstl. St. Gallischen buchtruckerey

233 1414 1711 114 über welche mh. Vetter das Directorium führen, eine neü¬

247 1501 1695 109 ¬we notenschrifft, nach dem formular deren zu augspurg,

261 1574 1686 126 seye Jntroduciert worden, wie auch, das von den wohlehr¬

261 1659 1689 119 ¬en herren von rheynauw meiner, und meinen composizion

261 1735 1675 128 halber einige gedächtnus geschechen, welches alles zu über¬

277 1811 1667 122 ¬flüsig ware; vor diese participation mhr vetteren will ich

274 1887 1706 125 schuldigster masen mich bedanckht haben, umb so mehr, da ich

263 1972 1695 111 in der Continuation dero gehrtist einen so geneigten willen

272 2040 1705 125 und geründtliche offerte erfahre, welche ich aber / wesentwegen

277 2135 1675 109 es mihr hertzlich leydt ist / umb deso weniger kan accep¬

277 2203 1700 122 ¬tieren, masen dergleichen offerte mihr schon zu zerschidenen

288 2271 1697 130 mahlen anderwertig herro seind zu kom̃en; welche mihr gahr

296 2358 1137 114 nocht köñen in meine schild dienen. –

353 2418 1616 155 Jch darf Mhl vetteren wohl ofenbahren, wie das

299 2513 1689 130 ich freylich schon ville monat her meine nicht so vill kunstreiche

293 2581 1695 141 als harmoniose, und concept-reiche wercken dem Publico durch

296 2657 1656 150 den truckh oder kupfer vergönnet hätte; allein, weilen der

304 2730 1657 155 kupferstich den kaufendten liebhaber in der bezahlung ag¬

304 2817 1689 175 ¬graviert, so habe ich weil andere mesures gefaset, und mich

1778 2888 248 142 durch...
