2448 3264
427 174 1758 136 jnder, der kaum ein Jnstrument anrühret, und noch nicht

429 253 1777 149 gehideret ist, schon allerhand, und beßer, alß der Componist

426 339 1769 146 beÿsetzen, und erkünstlich will, so ist man seith etliche und 20

422 429 1786 153 Jahr hero gemüssignt worden den Musicanten in den composi¬

435 504 1780 145 ¬zionen alle manier beÿzusetzen, theils umb desto leichter und

429 585 1786 158 harmonioser zu musicieren, theils sie in den Schrancken zu

447 674 1767 147 halten, daß sie dem compositori die concept nicht verderbten:

451 759 1755 153 deswengen der Herr Vetter nicht zu sorgen, daß sie wegen

440 857 1786 143 disen appoggiaturen ein einiges exemplar weniger werden

451 939 1783 139 abkommen. Jch will aufs neüw daß contrarium probieren

449 1008 1775 150 daß sie noch umb desto mehr werden verdebbitieren können,

446 1097 1775 145 weil jederman lieber auf leichte alß schwäre mode ver¬

444 1169 1802 163 ¬langen wird zu Musicieren. Übrigens nimbt mich auch wun¬

453 1267 1790 132 ¬der, wan sie die 24. Sortes appoggiaturen schon haben laßen in ma¬

453 1341 1752 144 ¬trices schniden, und würcklich beÿ handen, daß sie mihr

471 1428 1757 136 noch keine abschrifft zu gesand, umb zu sehen, ob sie nun¬

469 1512 1788 154 ¬mehro recht verfertiget, oder nicht? Dises scheinen villeicht

489 1601 1735 141 beÿ dem Herr Vetteren alleß kleinigkeiten, allein beÿ mihr

498 1677 1725 158 seind dise sachen ser wichtig, umb so mehr, weilen ich in

496 1760 1738 165 solchen geschäfften die gröste Erfahrenheit habe, dan ich weis

489 1844 1764 152 nur zu wohl, wie alle Musicalische affaires in sua forma müssen

498 1918 1746 154 angefangen, und aus geführt werden. _ 3°. Verlangen

505 1998 1739 134 sin mehrers die Messen, alß die arien? Auf disen

507 2078 1743 150 punckten erwidere, wie daß ich Jhnen aus 2 beweg, ur¬

504 2159 1740 167 ¬sachen dises mißrathen mus, und auch zu keiner zeiten zu geben

511 2237 1712 140 kan. Erstens müßen sie wissen, daß ein componist,

507 2313 1746 147 wan er zum ersten mahl ein werckh ins publicum geben

520 2380 1739 156 will, ein solches der Welt muß communicieren, welches leicht

525 2471 1723 161 ist und großen abgang finden kan, umb damit der Au¬

509 2556 1748 160 ¬thor beÿ den musicalischen liebhabern Jhren credit verschaffe, auf daß

525 2651 1730 137 die könfttige wercker desto leichter abgiengen. Ein leichter¬

536 2732 1717 127 ¬es und angenemmeres werckh köntn ich nicht anschaffen

536 2812 1676 123 alß din bekante 34 [sic] arien, welche daß erste werckh for¬

540 2895 1704 131 miere. Die 4 große und Solenne Messen, welche das

2054 2982 192 82 andere
