2448 3264
487 152 1774 168 durch gute freündt erkundigen lassen, wie man sich da

484 223 1768 170 oder dorten könte eines verglichs und guten accords ver¬

491 311 1768 173 ¬sicheren? ich habe allerhand project, und dessein aufge¬

489 402 1775 165 ¬richtet, und dargebotten, allein dise wolten wenigen

485 498 1776 154 eingang finden, wie auch die gegen concept mich nicht

505 571 1776 165 könten contentieren. Zur Prob will ich Jhnen ein

493 649 1782 183 gemachtes project hier participieren: Nit vor viller

485 738 1790 174 zeit habe ich mich mit ein hr Jesuiten, der mein guter

493 826 1806 153 bekanter freünd, besprochen, und ersucht, daß Er möchte

495 901 1793 163 von der güte seÿn, und nacher Augspurg schreiben, und zu

509 990 1795 161 sehen, ob jemand anzutrefen wäre, der meine werck über

500 1073 1797 158 sich nemmen wolte ? mein verlangen seÿe, daß der drucker

529 1158 1802 145 oder verlegger mihr vor jedeß werck No. 100 sage hundert

533 1243 1771 153 schweitzer Ther, der Thler à 30. sage dreissig schweitzer batzen,

511 1321 1801 147 nebst zwölf exemplaren, solle accordieren, wie dan auch

511 1398 1811 156 die dedication jedeß wercks mihr vorbehalten, deme dan

518 1492 1792 165 schaden und Nutzen, ohne daß ich mich in dieses einlassen

518 1573 1828 158 wolle, disem oder jenem überlassen wolle. Die antwort

540 1648 1788 174 auf dises begehren ist kürtzlich hernach eingelanget, und

524 1749 1802 165 zwar also: wie daß sich einer hervorgethan der meine

529 1833 1788 143 werck über sich nem̃en wolte, allein er wolte mihr an

536 1909 1745 160 statt der 100 Thlr. No 100 Exemplar Franco überliferen;

554 1969 1777 181 zu welch ich mich nicht könte noch wolte verstehen, ursache

545 2059 1783 160 dessen, weilen ich die Augspurger gelehrnt zu kennen, die

578 2143 1748 176 zu vor eine gute quantitet exemplar durch die so genante

551 2234 1708 148 landt Stürmer, oder buchhändler lassen verkaufen,

544 2293 1795 169 danne, wan sie wusste, daß fast keine mehr zu verkaufen

560 2386 1775 158 wären, so wurden die mihr die 100 Exmplar auf derer

587 2477 1744 154 schnecken post abfolgen lassen. welches beÿ mihr gar

551 2571 1782 125 kein eingang finden kan. _ habe also mit Aug¬

582 2642 1762 146 ¬spurg kein ferner Tractat im sin zu machen. Jch habe

594 2723 1759 143 mihr indessen festiglich vorgenom̃en niemahlen, mit

580 2826 1762 113 wem eß wäre, ein accord einzugehen, daß ich meine

612 2897 1725 136 Composizion auf eignen Verlag übernemen wollen

2172 3004 183 62 dann...
