2448 3264
625 261 1629 149 mihr sehr grossen erleüchtung in der Music mitge¬

620 331 1670 155 theilet. Und auss Consideration dises meines freündes,

617 424 1665 136 oder ein so eiffrigen verehrer der meinen Music, und

612 511 1664 133 wahrer erkenner der künstlers ist, habe ich es so weit ge¬

631 582 1667 152 ¬bracht, dass durch mittwürkung dess hrr. Oberist Kellers

622 666 1641 144 villen Hr. Officiers, und Cavalliers dieser haupt statt, von

633 742 1662 139 mihr eine accademia Musicale ist aufgerichtet worden.

788 829 1485 123 Mit welcher mihr auch in diesem ohrt grosse Ehr,

636 903 1643 130 und lob zu gezogen, der ich nicht nur von dem schall

644 987 1646 122 allenthalben höchstens aestimiert worden, sondern auch

650 1060 1662 131 von dem Vice König Baron Blonaÿ, dem ertzbischof, und

655 1128 1662 128 seines bruders  hrr. General Lieutenant com̃andateur Bardl

644 1210 1654 141 ser geliebt wurde; in dieser vestung componierte ich auch

652 1292 1654 125 einige Arien und 2 operette; nach deme aber der König

655 1373 1673 125 unser erstes Battaillon in seine Piemont aufs neüe nöt¬

647 1441 1654 139 ig hatte, musste ich nach 7. Monate schon widerumb auss

658 1512 1632 149 disem Paradiss zu ruck, umb dem 3ten feldzug beyzu¬

647 1602 1651 141 wohnen; da mihr zu folg dieses höchsten befelchs ao. 1744.

652 1683 1632 133 den 9. Feb. auf 2  schwedischen kaufmans schiffen ab¬

652 1751 1668 153 ¬gefahren, und von einem Englischen kriegsschiff begleitet

647 1830 1673 142 worden, haben wihr zwischen der jnsul. S. Pietro, und Orista¬

666 1909 1646 147 gni auf der höche dess meers eine 3 tägige sturm

663 1980 1657 144 ausgestanden, allwo ich mit nicht geringer Satisfacti¬

663 2050 1662 134 on dass wütten und brühlen der wellen, und die erstaun¬

669 2129 1632 147 ¬liche beweggungen dises meers sehen, und erfahren

680 2205 1632 134 kunte, welches mihr ville dienst in meine composition

682 2276 1632 144 geleistet hatt. Nach 24 tägigen seefahrt seindt wihr

680 2336 1618 155 endtlich in villa Franca widerumb eingeloffen. So bald

677 2420 1599 134 unsere Battaillon debarquiret ware, wurden wir zu

671 2505 1627 133 Nizza in garnison geleget. In dieser statt warr

701 2578 1608 114 ich nicht weniger glücklich, masen auch hier ein all¬

696 2657 1613 125 ¬gemeines lob darvon getragen. Jndessen ruckten

693 2730 1635 120 die stauische frantzösische armeé gegen uns an, Und jederman

699 2809 1613 128 alihr den vahr fluss passiert hatten, mussten wihr auss Nizza

2088 2880 232 120 auf die...
