2448 3264
465 184 1700 172 sich zu vermehren, und in den kästen fast kein

448 272 1755 168 platz mehr hatte, wurde ich auf die gedancken gebracht

456 353 1755 166 diese nicht nur der statt Lucern theilhaftig zu machen,

456 448 1758 150 sonders, umb damit die ehr und Glori Gottes allenthalben

456 527 1758 142 durch diese meine composition, möchte vermehret werden,

465 614 1762 155 selbe ofentlich trucken, und der gantzen music liebenden

467 690 1757 153 welt zu überlasen. Der gantze anstand dises lobl.

478 777 1725 155 vorhabens behaftet nur allein in diesem, dass ich

476 862 1757 144 nicht wuste, wie ich dieses ausführen könte, damit

481 949 1754 133 ich doch beyneben auch etwas durch diese meine

478 1033 1752 120 Müh und arbeith auss dem zum dank beförderenden

484 1104 1735 144 wercheren schöfen möchte? Ich redete mit buch¬

484 1188 1719 150 ¬händleren, diese wollten sich aber solchen sach nichts

484 1264 1740 150 annem̃en? Ich erfrache mich mit herrn buchtruckerey hautt,

481 1357 1741 133 da er noch hier ware, welcher kürtzlich vor meiner

489 1428 1741 152 ankunfft Noten schrifften eingekaufft hatte; dieser

492 1525 1735 145 herr ware voll dass besten willens, allein giengen

508 1602 1722 166 Jhme einige requisita bey disen schrifften ab, und dass

497 1686 1722 141 resolute hertz mangelte ihme auch, eine solche sach an

500 1757 1733 160 ¬zugreiffen. Ich eröffnete meine gedancken under¬

519 1841 1716 144 dessen ein, Jesuit: R. S. Michel Morizzi, welcher mihr

519 1917 1708 142 dass gefallen erwisen, und nachen Augspurg geschriben

514 1985 1710 171 hatt, durch welchen ich von des lotters seel=erben von

516 2078 1728 155 jedem werck 100 thle begehren liesse; darauf die antwort

516 2156 1711 164 erfolgte, dass man mihr 100 exemplar anstatt der 100 Thler

514 2233 1710 157 vor jedes werck geben wollte? Welches ich nicht könte,

538 2312 1689 127 noch wollte añem̃en, und zwar destwegen, weilen ein

527 2374 1681 158 socher buchtrucker mihr diese 100 exemplaria wurde

533 2461 1689 155 hinderhalten haben, bis er genugsam verkaufft hätte,

541 2554 1703 130 also, dass ich meine hernach nicht mehr wurde abkom̃en

541 2632 1703 134 seyn, welches mihr nicht in der schilt gedient hätte, habe

544 2714 1683 120 also diesen gedancken in wind geschlagen. A^o. 1745.

557 2798 1681 106 im Maj bin ich von mein Oncle dem Gde. herren prelaten

544 2875 1680 133 zu Rheynauw beruffen worden, die inspection der all¬

2020 2962 256 125 ¬dortig...
