2448 3264
496 134 1788 143 seÿn wird, wan ich durch Mhl Vetters Von Zeit Zu Zeit

502 224 1795 138 vernemmen kan, daß sie in erwünschter gesundtheit sich befinden

504 308 1775 141 und daß ich bestendig ein in dem buch dero freündt und

513 395 1784 132 diener aufgezeichnet seÿe, welches mihr aber umb etwas

509 476 1784 140 fast gelegenheit gibet Zu Zwifflen, weil auf daß undter

507 562 1799 137 dem 30. verstrichenen Monats, in weitleüffig expression verfast¬

507 647 1785 134 ¬te, und an sie addressierte Resolutions-Schreiben dato noch keine

507 736 1786 132 antwort eingetroffen? Will hoffen, daß in selben keine so be¬

520 819 1764 131 ¬denckliche articul, annotationes, expressiones, oder begehren sich

524 901 1773 138 erfinden werden, welche einige difficultet, oder verhinderung

522 993 1775 118 an der angefangen negotiation könte verursachen. man

505 1060 1796 138 wird hoffentlich alldorten noch feder, dint, und papir haben

533 1147 1779 127 mit welchen man sich gegen mich bedienen kan ich bin auch nicht

529 1229 1772 140 so rigoros in dem negotione, man wird mich gantz discret er¬

524 1309 1742 128 finden, wan man nur hand an daß geschäfft will leggen, und

534 1394 1754 132 nicht etwan der erstgefasste Eÿfer schon verloschen ist ? Ew.

544 1490 1775 120 hab hast ein gantzen Monat termin gehabt, sich über mein

549 1579 1770 114 offen hertziges schreiben zu bedencken; eß wird hoffentlich nie¬

533 1659 1788 109 ¬mand in selben gewahret haben, daß ich etwas Ungerechtes,

551 1731 1722 122 oder Unerlaubtes begehrt habe, sondern waß die billigkeit

553 1820 1755 105 erforden kan? eß wird ja niemand mihr veargen, daß

556 1904 1754 101 ich eine sicherstellung und schriftliche schadloshaltung ver¬

544 1981 1758 102 ¬lange? ich bin ja so real, daß, obwohl ich vor könftige opera,

551 2056 1730 105 vor jedes 100 thle, und 12 exemplaria nebst der Dediation

562 2137 1751 102 verlange, ich kein pfening begehre, oder kein werck mehr

569 2203 1759 112 will lassen drucken, wan daß erste, welches Jhnen, aussert

583 2290 1734 96 den 24 exemplaren, und der Dedication, gratis will geben, sein

576 2366 1741 92 abgang nicht findet. Wan dises also beÿ Ew einen an¬

580 2437 1757 107 ¬stand solte find, bitte mihr dero Reflexiones ohngesaumbt

596 2522 1719 105 zu schreiben, umb damit die beschwernuß gehoben werck köntd, und

594 2611 1714 101 fahls, daß sie sich anderst ersonnen hätte mit mihr daß an¬

603 2692 1696 96 ¬gefangene negotium zu undterziechen, bitte also mich so

596 2776 1714 94 bald möglich zu berichten, damit ich meine mesures anderwertig

603 2846 1698 115 nemme könte, in hoffnung, daß so wenig ich verlange Ewh, oder

2134 2924 179 97 dem
