2448 3264
631 304 1595 136 P. S. beliebe der h. vetter zu gleich den titel, sambt der

600 373 1617 158 Dedication nach dero gefallen aufzusetzen, und zu gleich

609 469 1628 142 zu übersenden. Jch habe würcklich schon mich um noch ein

605 527 1571 162 gesellen umgeseh, und etwelche ballen papÿr bestimbt.

681 618 1563 127 dero hr vetter P. Laurentius hat mihr gesteren ge¬

611 683 1635 136 ¬schriben, mit waß freüd, und consolation Er sich in Rhin¬

602 763 1644 138 ¬auw einfinde: unser seits freüwet eß von seiten uns

609 845 1634 134 daß wir in disem Subiecto so lange Jahr dero Liebsten

632 919 1612 132 Sel. Mama alt adel familie dienen könn, um selbe in

621 1037 773 92 Ehren zu erhalten.

839 1135 1251 166 Antwort auf das schreiben Sub

616 1267 1641 114 litt. C. de dato Lucern den 30. Nov. 1745 an herren

618 1343 1227 127 Honoratum Peÿer zu St. Gallen.

433 1430 1837 158 litt. D. Diene in schuldigster antwort, wie das ich

621 1554 1660 108 dero hochverehrtistes vom 17. huic bestermassen erhalten.

640 1626 1632 120 kan aber auch in aufrichtigkeit berichten, wie daß ich nie¬

627 1697 1652 139 ¬mahlen gehoffet, daß sie ein solches gethanes freündtlich¬

625 1780 1645 125 ¬es offert meiner compositionen wurden acceptieren, welches

632 1847 1650 124 mich umb desto mehr erfreüwen wurde, an ich vorleüffig

632 1925 1654 122 durch eine declaration die vollziehung meines neüwlich gemachten

636 2000 1654 119 begehren erfahren würde. Wie ich dan mich auch declarier

638 2070 1643 125 daß gethane versprechen Sanctè zu halten, wofern mihr

636 2156 1657 114 eüwer wohlehrwürd eine Solenne versicherung geben wird,

641 2228 1631 109 wie hier folgendts Jhm proponieren werde. Vorleüfftig

649 2302 1652 107 werden Ewe. Mhh Vetter mich berichten, ob die independent

656 2362 1650 127 gewalt, und daß comando en cheff über die hochfrstl buchtruck¬

654 2451 1636 114 ¬ereÿ haben? 2do: ob sie auß eigner macht und auctoritet

665 2529 1623 111 bevollmächtiget wären accord zu treffen, Tractat einzugehen,

678 2614 1614 102 und verschreibungen zu machen? p. p. ein solchen gewalt hat

678 2689 1619 112 mein vetter hr Director zu Einsidlen, dergleichen ich hoffen

674 2770 1630 109 will, daß bie Mhl. Vetter auch hab werden. Seÿe es aber, wie

680 2850 1592 114 Jhme wölle so erkläre ich mich ferners auf folgendte weiß:

2177 2939 82 129 1mo.
