2448 3264
540 174 1677 157 nach der anders also übersend, daß ohne verhindernuss

542 270 1659 145 ahnermüdet die arbeith könne continuiert werden, ohne

536 344 1658 145 daß sie sich werden beklagen müssen, daß diese ouvrage

536 427 1694 135 prolongiert werde. Mihr wird selber lieb seÿn, wann

545 507 1641 127 selbe baldest dan würde verfertiget werden.

687 582 1556 137 4to: Über alleß aber begehre ich von Mhl. Vetteren

549 672 1703 133 oder von jenen, so respective mehrere gewalt habe, mihr alle

547 741 1694 140 vorderist über dises erste werckh ein vollständige und

562 837 1688 129 schrifftliche Declaration herauß zu geben, welche zu mehre¬

524 908 1724 134 ¬ren versicherung von höcher gewalt confirmiert solle seÿn,

556 986 1685 123 in dieser werd sie sich mit disen ohnmasgeblich expression,

554 1058 1709 131 vernemmen laßen: wie daß ich der hochfrstl buchtruckereÿ

554 1146 1699 136 ein werck ohne einiges Interesse verehret, dargegen

554 1218 1719 134 sie mihr die dedication und No. vier und zewantzig exemplar

558 1294 1730 133 zu einer Reccompenz überlassen, mich anbeÿ beÿ all vorfallenden

565 1374 1714 134 gelegenheit dises wercks halber schadlos woltd haltd, also wahr

560 1461 1695 140 daß ich noch deß nutzens halber genuss, oder deß schadens theilen

576 1535 1699 142 solte haben. – Daß ist, daß waß daraus erfolgen möchte aus

573 1617 1702 143 mehr gemeltd werck, wan sie nutzen oder schaden solten

591 1691 1690 165 fühlen, mihr nichts zur last solte gelegt, und in keinen

580 1775 1701 152 wege an mihr einige prætension gemacht werden daß schadens

578 1845 1692 162 halber ein abtrag zu thun, oder daß ein solches werckh

589 1925 1693 165 mihr solte an den halß geworffen werden; darinin

596 2003 1659 153 ich absolutè nicht will consentiern, dan ich verlange noch

603 2081 1685 153 nutzen noch schaden, sonders lasse selbeß diesen über, so eß über¬

594 2152 1678 163 ¬nemm̃en. Jch bin auch nicht gewohnt die handelschafft

594 2230 1701 154 zu treiben. _ Warumb ich eine solche Declaration und

602 2308 1657 163 Offensivè handtschrifft verlange, geschichet nicht, daß sie

614 2391 1672 142 etwan verneÿnen möchte, meine werckh seÿen nicht gut

612 2487 1680 113 Nein ! sonders ich nimme meine præcautiones, auf daß, waß

623 2562 1665 127 mittler zeit an mich, oder die meinige gelangen möchte, ich

627 2640 1663 119 allen und jeden anforderung noch proportion begegnen

643 2727 1641 101 könne. Dan an dem werth meiner werckeren weiß

640 2799 1639 134 ich schon daß sie kein schand leÿde werden, aber es könte

2078 2874 175 123 geschehen...
