2448 3264
525 197 1741 142 1738, nacher St. Urban verreisets allwo ich, nach wegen

531 272 1732 143 der dortig schlechten music /. wegen welcher ich die meinige

533 360 1731 138 hätte samethafftt vergessen müssen. / noch wegen an¬

522 446 1739 130 deren gnugsam̃en ursachen, und zu gestossen unpäss¬

525 520 1747 141 ligkeitd nicht bleiben könte, sonder gleich wie ich an dem

536 602 1748 141 vorabent vor allerheiligen Fest Ao 1738 in daß Gottshaus

542 696 1726 132 eingetretten, also ich an eben disem tag Ao. 1739 aus

542 768 1721 135 selben widerumb abgereiset bin; Mein Herr Gross¬

533 855 1751 129 Vatter hat eß gar nicht gezürnet, das ich widerumb

544 948 1731 125 nacher haus kom̃en bin, wo doch andere hingegen weith

547 1033 1732 113 lieber gesehen hätten, wan ich ein Religios worden wäre.

589 1102 1704 125 allein ist der willen des allerhöchsten nit gewesen,

545 1178 1757 134 drume nichts zu wider geschechen han, noch solle sd. Jch hatte

551 1262 1744 130 aber keine bleibende statt in meine vätterlichen haus,

540 1340 1752 132 wurde also durch anordnung des hr Gross Vatteren

554 1412 1738 145 Ao 1740. den 7t Sept. nacher Meiland zu dem Hr. Agent

553 1501 1742 145 Krentzlin in die frembde gesand, allwo ich 17 Monath beÿ

560 1601 1113 137 gedachten herr mich aufhielte.

1798 1581 492 105 Jn dieser statt

558 1668 1737 139 fienge ich erst an zu erkenen, waß die music wäre,

565 1755 1732 138 alleß, was ich vermeinet hatte zu können, ware ein

576 1833 1712 145 schatten werck, und lufft ohne leib, gegen der so unver¬

562 1904 1733 161 gleichlich, und unbeschreiblich schönen music, so ich hören

569 2050 301 77 müsste.

971 1980 1333 157 Es wurde mihr gelegenheit geschaffet die

576 2065 1725 149 operen zu sehen, die Kirchen, und cam̃er musiques zu hören,

585 2150 1719 147 in die accademien zu gehen, und die heüser vornem̃er

596 2235 1703 135 singer, singerinen, und Musicanten zu frequentieren;

585 2299 1712 147 ich setze daß componieren auf die seiten, und legete mich

589 2377 1661 147 auf das Clavecin spihlen, welches durch anhörung so

596 2448 1703 152 kunst voller und anemblichisten composition dergestalten

596 2536 1723 144 in weniger zeit, ohne eintzigen Meister nach jetziger galanter

600 2616 1708 140 und Meister mässigen mode erlehrnet, daß ich nicht nur

607 2701 1710 125 von jederman ser estimieret worden, und aller ohrten

611 2783 1706 125 in den vornembsten heüseren völligen ingeehs gefunden,

627 2874 1683 125 sonders die vornembste CappellMeister nichts scheüchen,
