2448 3264
170 72 1759 149 Jhme die nasen schon vor sich selbst aus disem geschäftt

170 174 1784 123 heben wird pd. Wan disem meine so aufrichtigen Rhat

165 261 1775 117 und meÿnung sie freuen glauben beÿmessen wollen, so will ich

183 340 1728 126 sie versichern, daß sie erfahren werden, das die hochfrstle St.

159 426 1781 118 Gallische buch druckereÿ einen solchen zu lauff von dem kunst¬

163 507 1764 122 ¬reich und vortreflichisten componisten haben wird, denen sich so gahr

172 594 1766 109 aus Italien anmelden würden /. dan ich würde ein exemplar

165 678 1795 101 nacher Meiland, und Bologna, wo der sitz der vornembst Mu¬

161 763 1788 107 ¬sicantd ist, versenden, umb die Neüwen schönen druckh vor zu¬

165 846 1815 109 ¬weisen ./ das dise Truckereÿ diesen componisten könte gesatz vor¬

168 933 1801 104 schreiben also und zwahr, das die selbe noch gern würden annemmen,

161 1011 1779 106 wan sie nur Jhre wercker getruckt hab. Der meiste

183 1095 1800 105 theil wurde selbe auf eigne köst drucken lassen, absonderlich

181 1178 1802 102 die Italiener, dessen ich versicheret bin. Und ich aner¬

183 1256 1837 111 ¬biete mich selbst ratione der Italienischen componistd dem hochfrstl

194 1340 1813 121 stüfft an die hand zu gehen, dan meine corresondenz erstreckt

204 1427 1785 114 sich nicht nur bis in die Lombardie, Piemont, und Sar¬

188 1517 1813 113 ¬dinien, sondern bis auf Napoli und Rom, p es passieren auch

192 1597 1797 127 gahr ville sach durch meine händ, daß 100 andere nicht begegnen

194 1693 1807 109 wird. ps dises pro aviso. p Jch vermeine also mit einer

204 1769 1783 127 aufrichtig und unverfälschten meÿnung Jhren genuin gerath,

206 1855 1801 110 und dargethan zu haben, was zum nutz und vortheil dero ein¬

210 1918 1782 140 ¬gerichtetd Noten druck kan gesagt werden, und obwohl es scheinen

219 2007 1766 130 könte, daß ich etwas zu weitleüffig mich herausgelassen, so

215 2098 1768 128 versichere beÿneben Etd Mhh. V:t daß ich über diese gemachte

230 2176 1746 130 ræmonstrationes der gedacht appoggiatur notelin noch so ville

217 2244 1764 142 materi finden wolte, das ich ein gantzeß tractätlin darvon ab¬

219 2326 1804 143 ¬fassen könte; ich errachte aber, so fern sie disem erlich

230 2429 1771 135 und wohl gemeinte Rath gehör geben wolte, genugsam ge¬

242 2496 1714 160 schriben zu haben. Omne initium grave est. ist ein alteß.

250 2574 1759 169 man mus es wagen. Nur noch eines habe überlegt, ich

242 2654 1750 174 finde an diesen appoggiatur nötelin etwas, daß wan sie

244 2734 1785 181 selbe wollen verfertigen lassen / daran solte geenderet werden

253 2892 156 110 die köpf

1773 2908 210 107 groß...

444 2816 1532 201 an disen Nötelin scheinen, daß sie noch etwas zu
