2448 3264
427 139 1794 142 meinem Herren Vetteren habe fühlen müssen, so würde ein solcher

420 242 1804 127 wegen einer so neüwisten mode, da man mihr nur nicht auf vor¬

427 320 1770 127 ¬gehendte schreiben geantwortet, keine fernere complimentd

420 397 1815 134 observiert haben, sondern umb ferner vertriestligkeitd zu

422 504 1714 116 borgen, seine messures gantz anderst genommen haben.

520 591 1692 108 EwAh wollen sich doch nit traümen lassen, als möchte ich

435 660 1820 123 etwan meine Gedancken enderen, und mit gelinderen seith

440 747 1788 125 aufziechen?  Wie ich ein mahl resolviert, beÿ disem bleibe

427 834 1852 136 dan ich schreibe nichts vor, lasse mihr aber auch keine schrancken

437 921 1818 127 stellen. Will Eew zwar nicht drowen, sonderen sage

437 1004 1816 114 nur einfeltig, daß Jhre Aargheit wegen einer Summa von 100. Thle

438 1084 1839 123 betreffend, die sie mihr vor ein Werck soltden auszahlen, welches

431 1165 1817 135 der Buchtruckerey zu 1000td Thal beÿneben eintragen würde, Jhnen

429 1251 1774 128 ein zimbliches Reüwen, und vertriessliches Nachdencken nach sich

442 1332 1806 129 ziechen könte, und zwahr zu spat p. Sie sollen nur beglaubt

442 1410 1813 156 seÿn, daß, seithero ich von Jhnen eine so schläpferige Kaltsinnigkeit

435 1510 1820 136 verspühret, ich zienblich gewacht, und mein Interesse ander¬

442 1590 1830 139 ¬wertig bestens beförderet, fahls in St. Gallen nichts solte daraus

446 1680 1815 138 werden. Wan ich nicht wüste zu was ich mich versehen könte, so

442 1766 1822 141 wurde nicht auß ein solchen Thon Jhnen zu schreiben. Dan ich will Jhnen

453 1849 1822 136 nicht verhählen, daß ich nunmehro nicht nur mit einer Particular,

455 1933 1808 139 sonderen mit einer fürstlich Persohn zu thun habe, welche

447 2005 1801 151 mihr versprochen, wofern St. Gallen den von mihr proponierten

447 2099 1819 135 und raisonablen accord nicht wolte eingehen, sie ein gewissen

456 2176 1805 143 Buchtrucker eine ansehnliche Summa gelds vorstrecken wolte,

456 2264 1805 133 umd die noch abgehendte requisita zu dem schon vor 2. Jahren

464 2335 1806 145 eingekaufften Noten druckh, anzuschaffen; Es haben sich so wohl

456 2433 1794 118 in Bern, als Basel vornemme Künstler hervorgethan, und sich

462 2502 1791 134 reccomandiert, die abgehenste notd requisita umb billich und leid¬

466 2603 1797 122 ¬entlichen Preis zu verarbeiten, also nicht nötig nacher Nürnberg

482 2690 1800 113 zu schreiben, und von dorten anzuschaffen. Diser gedancke

485 2774 1768 111 ist schon lang projectiert gewesen, es befinden sich hoche

487 2861 1781 112 Persohnen, die so ville und besondere Gnaden vor mich tragen

496 2953 1757 111 daß wegen der grösten æstimation meiner künstlichen

1936 3037 317 100 composizionen
