2448 3264
247 236 1673 142 dan ich bin noch nicht gesint ein Negoziant zu werden, dan

233 318 1690 133 so ich dises intendieren wollte handel und wandel mit Mu¬

233 402 1687 128 ¬sicalien zu treiben, so welte ich eine eigen Notendruk¬

236 478 1673 125 erey in mein logement einrichten, da ich versichert wären

242 560 1694 122 dass nicht mehr exemplaria getruckt würden, als ich das sind

244 639 1679 111 wäre verfertigen zu lasen, und wan schon drey wäre, die

247 715 1692 122 sich erferchen würden mihr meine werck nach zu drucken,

223 810 1700 93 bin versicheret, das ich solche praecautiones nem̃en würde

236 878 1700 114 das einem solchen das drucken gewislich könnte vergehen. Ich

236 960 1695 114 vermeine also, das ein solcher verlaag und neüwe Müh und ar¬

239 1039 1694 108 beith in verkauffung meiner wercken mihr nicht zu zumuthen

242 1115 1689 111 wäre, da ich doch die grösere müh gehabt diese werckh auf das

261 1196 1675 101 papier zu bringen, hoffe also, das man mich der anderen

244 1267 1698 106 müh und sorg entheben wollte, wan also auf keine andere

247 1346 1692 109 weis ein mittel zu ergreifen, das sich jemand mit mihr

244 1422 1717 103 verstehe, das ich aufs wenigist meiner gehabten arbeith in

263 1509 1695 112 etwah könnte belohnet werden mit ein accord, der nicht wi¬

244 1585 1719 112 ¬der mein Intresse laufe, so bin ich fest resolviert, meine

250 1661 1700 120 Musicalien ehrendter in den kasten vergrauwen zu lasen

263 1743 1670 125 als etwas eingehen, so mir zur beschwerd, als nutzen seyen

269 1819 1675 106 könte. So vill kann ich jeden versicheren, der meine opera

258 1893 1692 117 über sich nemmen würde, das bis dato in gantz teütschland kein

258 1977 1694 117 werckh auf tag licht gekommen, so mein, wegen den neüwisten,

263 2048 1687 128 und raristen concepten nach, heüt zu tag üblichen vortreflich Italien¬

266 2135 1706 117 ¬ischen Music art in gleichen schriten gehet, bin auch versicheret,

263 2203 1684 114 das man allerohrten, wer im̃er die wahre und fundamentale

272 2279 1659 114 musique liebet, alle armb nach selben strecken würde, sonder

280 2352 1643 128 solches nicht aus stinbruch kumb, oder eigene einbildung,

274 2420 1717 155 sonderen mühe sage, was hoffentlich die welt schon genugsamb

277 2510 1689 133 hatt müsen werchen. Dan ich mus bekeñen, und es wird

288 2581 1678 152 auch jederman, der mich und meine Composition gehört, ohn¬

293 2662 1665 161 partheysch müsen sagen, das ich, als ein, nicht in Italien, son¬

296 2733 1686 166 ¬dern in oberteütschland gebohrner, die Musique so hoch und weith

291 2815 1661 185 gebracht, das ich ohngerümber masen / desen ich über und

1776 2904 185 120 über..
