2448 3264
230 192 1761 154 ein Regiment Soldats, welches alle Augenblicke parat ligget zu

224 297 1788 129 marchieren. Wan ich auch aus dem ohnmoglichen, mögliches machen

219 378 1768 124 könte, so wolte ich es nicht thun, weilen ich von Jhnen kein

239 449 1750 143 Schreiben, noch weniger ein Antwort auf alleß dessen erhalten,

228 531 1735 129 waß ich ohnumgänglich verlanget mihr zu consentieren, und

223 623 1824 122 approbieren. _ Hatten sie mihr die verlangte Versicherungs¬

228 696 1773 120 schrifft, wie ich selbe Jhnen projectiert vor Osteren abfolgen

221 781 1757 120 lassen, so würde ich fast dem ersten, und anderen werckh

224 859 1738 131 Saffn schon gefundten haben. _ Allein ligget der Fehler gahr

223 955 649 91 nicht beÿ mihr. _

1049 964 923 116 2do Wegen den appoggiaturen gibt

226 1026 1761 105 mihr der Eh. Vetter selbst mit einem seiner schriben daß

230 1109 1799 113 mittel in die hand mich zu verthätigen. in dero schreiben unter

228 1184 1770 123 dem 14. Januarj meldten sie dise præcise wort: "3° Haben sie

397 1276 1592 100 bemelt weg den vorschlag notulas, so ich noch in keinem ge¬

395 1352 1596 107 ¬truckten Authore gesechen, wohl aber in den geschribenen

400 1430 1609 107 und in daß Kupfer gestochene. _ Die eigene wort

235 1514 1750 119 deß Herrn Vettern veranlassen mich zu gedencken, daß sie Jhrer

244 1610 1779 96 selbsten contradicieren, dan wan sie nach dem auß der Commis¬

226 1680 1752 113 ¬sion daß S. J. / Hr OberVogten verstanden worten förchten:

230 1769 1779 116 daß wegen solchen appoggiatur nötelin in Teütschland die wercker

235 1869 1756 87 nicht so starckh abgehen möchten, so möchte ich dan gnaun wissen

237 1942 1754 103 wie die Hr. Teütschen die geschribene, und in Kupfer gestochene

237 2021 1735 95 composizion, beÿ welchen solche nötelin seind produciren könen?

244 2098 1750 105 Dise Einwendung daß Hen. Vetter haltet nicht stand. Dan

248 2183 1753 103 ich habe so ville Erfahrenheit aus Teütschland, daß nicht nur in

244 2259 1779 103 allen hochen Stüften, und Prælaturen, sondern in Stätt und flach

246 2333 1746 107 Teütschlandts man trachtet auß Italien composizionen zu bekommen.

272 2418 1709 104 In Summa nur nichts mehrers zu meldten, wer der gleichen

259 2506 1730 123 verschläg so wohl im singen, geigen, und schlagen nicht machen kann

266 2600 1752 103 s kein musicant, sonder ein sel, dan unsere alte vorfahrn

252 2667 1733 127 als wie der Corelli, Mosri, valentini, und dergleichen vor¬

264 2749 1725 136 treffliche künstler haben nicht nötig gehabt solche manien

264 2850 44 98 3

349 2837 1642 133 zu setzen, aile sie ahna dis gewusst, wo disr nötig

344 2919 1650 156 beÿ zu setzen, allein weilen beÿ dem jetzigen weltlaufs ein

1851 3011 149 93 jeder...
