2448 3264
248 246 1661 216 sendte /. Welche, wan sie gleich beÿm Empfang würden

237 335 1648 183 nacher Nürnberg, allwo sie glaublich gemacht werden

246 408 1643 179 versendet werden, dise bis auf den 1. Juli noch wohl

244 496 989 124 möchten eingelifferet werden. /2.do den accord dero 100

239 569 1619 183 Thlren eingehen, und 3.o die so ser nötige versicherungs

1320 553 565 114 2.do den accord der 100

242 647 1634 179 schrift bis auf Ostern mihr einsenden werden, so werde

230 730 1677 171 ich mit grösten freüden an disen wercken selbst helffen

228 805 1665 159 abschreiben, damit sie auf bestimbte Zeit von mihr könten

230 883 1650 166 persöhnlich eingelifferet werden. Und auf solche

219 964 1661 160 weis hätte es sein richtigkeit, und mein verlangen

221 1046 1195 127 würde auf alle weiß contentiert. _

340 1115 1518 154 bitte also umb eine baldige, und geneigtwillige

226 1200 1647 149 antwort, damit ich dero Resolution vernem̃en könne

212 1272 1721 151 dan ich habe noch vergeßen Ihnen zu melden, daß dise wercke

213 1349 1709 150 zu Copieren, und in daß lesbahrere und deütlichere zu setzen,

212 1441 1672 140 nicht nur grosse Müh, und arbeith, sonderen ville kösten

217 1514 1694 157 verursache, dan vor jedem bogen einen copisten 2 hiesige batzen

215 1602 1661 147 bezahlen mus, darzu ich Jhnen noch verbunden bin dinten,

224 1684 1636 136 federen und papir anzuschaffen; welches mich allzu¬

226 1771 1654 125 ¬schwär würde ankommen, wan ich in incertum solche depance

217 1845 1668 144 müsste machen; Es seind schon gegen 15. arie fertig. vid. Orig¬

650 2009 673 96 Appoggiatur, Nötel:

473 2061 366 118 [Noten]

661 2176 35 72 1.

709 2335 48 80 3.

1414 2333 42 91 4.

442 2466 43 125 N.o

500 2466 1102 116 dise 3 Species, nemblich b. h. und #.

505 2560 1230 100 müssen auch so klein verfertiget werden

505 2636 1032 111 daß selbe adequate zu disem manier

513 2710 788 109 nötelin seind. vid. Orig.

362 2774 1505 129 Auf dises mein schreiben ist kein antwort erfolget, sondern

279 2866 1581 133 dem außgang deß Monat Maÿ ist Junker Zurgilgen

1624 2959 287 109 oberVogt...
