2448 3264
183 203 1728 141 ohne anstand einzugehen, und bis gegen Ostern mihr dise

183 293 1780 116 versicherungs schrifft zu zusenden, so werde ich in aller möglichst

179 373 1757 122 eÿl die zweÿ erste opera lassen von meinem copisten in complets stand

175 453 1761 129 bringen, welche beÿde erste werckh nebst 3. vortreflichen Musicanten

174 538 1751 122 nacher dort bringen werde, allwo ich gesinnet wäre 4 tag aufs

181 621 1757 113 höchst alldort mich aufzuhalt, in welchen tägen beÿde diese opera wolte

170 707 1761 112 producieren lassen, und mündtlich wegen den übrigen 3. opera, so noch in re¬

175 790 1772 100 ¬serva hier behalte, mit Eetz und dem buch händler negotÿeren,

175 874 1767 99 dan ich versichere, daß ich vor die übrigen wercker, obwohlen

186 961 1790 103 sie grösser seind, alß die ersten, nicht werde 100 Thler und 12 exem¬

174 1039 1809 97 ¬plaria, sonders so wohl an geld als exemplaria weit weniger begehren,

175 1117 1761 105 also, daß sie werden sagen, daß ich meine Idea ser mutiert habe.

333 1209 1627 87 Vor meiner abreis von dort aber werden sie mihr / wan

183 1282 1769 99 dise declaration und versicherungs schrifft vorhero werden einge¬

188 1358 1768 114 ¬sant haben / die 100 Ther vor das erste werckh an silber oder gwichtig

192 1443 1788 123 gold sontd nach der lucerner Währung paar aus zahlen; dargegen werde

188 1535 1774 118 ich darnach Jhr auch das anderte werckh die 4 Mess nemblich ver¬

201 1628 1751 103 ehren, vor welches nichts weiteres begehrt, als 8 exemplaria,

194 1697 1748 121 und die Dedication, welche Sne hochfüstle Gd zu Einsidlen betrefen

194 1795 1802 114 wird; bitte aber diese gedancken niemand zu eröffen. Warumb

199 1862 1757 125 ich aber vor das erste werckh 100 thlr effectivè begehre? Werde

203 1945 1749 124 eine ursach Jhnen beÿbring, welche fundament hatt: 1o haben

213 2021 1725 138 Ete Mh. V den vorteil, das ich Jhnen auf meine kösten dise 2

203 2110 1715 136 opera Salvo franco ohne einigen pfennig porto zu Spendieren,

215 2192 1768 139 persöhnlich liferen werde, welches weit sicherer als durch den

213 2277 1739 129 bott, also wird Jhnen der porto lohn erspahret, sie versaumen

223 2344 1766 143 auch keine zeit mit disen beÿden werckern. 2do halte ich disen

235 2424 1734 154 3 Musicant, mihr, und dem diener alle Reiskösten auß, ohne

226 2506 1794 165 dem hoch frst Stüfft zur beschwärd zu seÿn, und selbe im mindisten

224 2596 1805 162 darumb anzusprechen. 3° Seind die trinckgeldter auch zu rechnen,

233 2674 1767 178 welche 3 Posten aus disen 100 Thlr sollen bezahlt werden. Nun

235 2739 1752 205 machen sie die rechnung wie vill von diesen 100 Tle nacher haus

246 2830 1730 209 bringen werde? _ Dises hatt nichts zu bedeuten, wan ich

339 2937 1677 198 auch dise alle darauf sitzen müste, wan ich nur fernern

1802 3011 227 111 schaden...
