2448 3264
607 224 1668 118 außbündigen wissenschaff in der Music gelanget ist,

553 320 1726 102 daß seines gleichen weith Und breith der Kunst halber

558 418 1734 93 und der manier die Music in der Composition zu tracty¬

554 504 1732 96 ¬eren, auch beÿ diesen zeiten in unseren landen keiner an

560 587 1724 103 zu treffen, so Jhme an die seiten stehen dörfffe./sondern

553 667 1759 103 auch an mich villes anzuwenden, eine freüd gehabt, damit

544 745 1757 94 wihr die Music recht fundamental erlehrnen möchten

603 821 1669 82 die vornem̃e Meister, under welchen der Domenico

549 899 1757 94 Scarlatti zu Rom einer gewesen, von welchen mein herr

553 973 1742 100 vatter so grossen nutzen gezogen, könen die Prob an tag

558 1060 1721 100 leggen, was er müste profittiert haben, so aus sein so

549 1144 1748 92 vortreflichen Compositionen nach gnügen zu ersechen.

582 1220 1730 98 Auf waß weiß ich aber die music erlehrnt habe, werde

560 1305 1737 93 ich hier umbständtlich beweisen. Ano 1725 wurde

560 1383 1724 100 mihr als einem 5. jahrigen knaben der hochwürdige,

554 1465 1750 108 und des alt adelig stüffts S. Leodegarÿ gegenwertigen

558 1543 1743 119 schuelherr, herr Wilhelm Schwander, als damahls noch ge¬

540 1630 1755 116 wester hoofschuoler gedachter lobt stüfft, zu gegeben,

549 1709 1757 115 der mich ein halbes jahr gelehrt singen; diser herrist,

563 1795 1723 112 so zn sagen, mit mihr beÿ meinem herr Gross Vatter

554 1867 1743 116 auferzogen worden, welcher auch nicht abseÿn wurde,

563 1938 1736 118 wan man Jhue befragen solte, offentlich zu bekenen,

558 2016 1739 129 das alles glück, so Jhme bisdato zu gestossen, nachhott

567 2098 1734 126 er Unser haus zu verdancken Ursach habe. Nach ein

571 2177 1721 131 jahr Ao 1726 Ordnete mihr herr Grosvatter den

565 2257 1736 132 hochetdig herr fost wihlhelm Müller, der in dem namb¬

567 2330 1710 127 lichen jahr durch starcke betreibung und aus würckung

567 2406 1719 125 meines h. Grossvatter und Vatteren zu der Ober¬

574 2495 1721 114 ¬reitlichen ehren Caplanei eines wohlbestelt Organesten

576 2573 1719 121 der vorernantlöblichen stüfft S. Leodegariÿ gelanget ist,

587 2656 1703 114 beÿ deme ich müsste anfangen lehrnen Orgelschlagen;

602 2749 1688 97 Jch kan mihr noch, als wie aus eim traum vorstellen,

580 2819 1713 107 auf was weis ich dise kunst erlehrnet habe. 6 Jahr

589 2906 1710 113 stunde ich under der Direction diesses herrens, demeich

2023 3001 279 70 wegen....
