2448 3264
206 233 1775 126 ¬berg zu rückh erwahrtet, umb von selben die meinige

206 335 1792 103 fernere resolutiones zu vernemmen. Allein da es schon lange

206 409 1748 113 Zeit, das gedachter P. J./ Hr OberVogt von hier abgereiset,

201 502 1788 103 und seithero schon 2. oder mehr Antworten hätten eintreffen

203 580 1789 107 können, dieses aber nicht geschechen, gedachte ich der Sach noch

188 660 1822 112 mehrers nach, und könte also mihr nichts anderes einbilden,

195 747 1821 110 alß daß eie mein letsten schreiben folg leisten wolten, dan ich begehrte

206 837 1812 98 von Jhnen, so fern sie mihr bis auf Petri und Pauli nicht würden

195 919 1819 103 antworten, so werde ich glauben, daß sie die vorgelegte con¬

188 1008 1821 98 ¬ditiones nicht wolten eingehen: Dises solte ich nun glauben,

190 1082 1837 105 allein finde ich weith etwas anderes, welches mich fast mehr

195 1162 1826 107 glauben machet, daß es bis dahin EwHr ohnmöglich gewesen,

192 1254 1829 96 mihr über dise wichtige materi zu antworten, dan ich habe

190 1332 1828 102 vorhero nicht mehr gedacht, daß sie Kornherr wären, wie

194 1418 1833 101 es nun in dieser Zeit mit zehred verliehen, villeß Reisen abse¬

179 1503 1831 112 ¬het, destweg ich Ihnen nicht vor übel aufnemmen kan, wan sie

188 1593 1837 113 mihr nicht geantwortet haben. EwHw werden indessen

184 1680 1790 111 von P. J. Hr. OerVogten umständtlich verstanden haben,

181 1771 1839 114 wie ich gesinnet, beÿ disem Vorsatz bleibe, und weiche also

179 1865 1846 104 umb keinen Schritt. Jch erwarte auch ohnverweilt von

188 1951 1864 99 EwGn in einem gantz kurtzen Schreiben, ein ja, oder ein nein über

184 2036 1866 96 die eingegebene Punckten, ob sie selbe wollen eingehen oder

183 2112 1871 118 nicht; dan sie müssen wissen, daß ich nicht schertze, sonders in

190 2194 1846 118 Ernst schreibe, daß wofern sie die begehrte conditiones mihr

184 2295 1866 105 nicht freÿwillig wollen eingehen, ich in procinctu stehe mit

194 2375 1835 92 ein werckh, welches würcklich vor 5. Tagen mit copieren voll¬

203 2451 1793 107 ¬endet worden ist, anderwertig hin abzureisen, dann

206 2536 1817 106 mihr die Beruffungs=zeit auf den 5. Augusti limittiert

223 2631 1786 103 worden. Derowegen, umb damit sie mein aufrichtiges

232 2723 1751 105 gemüth zum letsten Mahl noch können erfahren, so habe ich

250 2816 1755 94 sie auch zum lesten Mahl noch wollen avertieren, umb da¬

250 2894 1833 125 ¬mit sie sich nicht beklagen könten, als wan ich Jhnen nicht gebühr¬

250 2986 1784 105 ¬endes aviso geben hätte. Jndessen wan einem anderen

235 3084 1795 120 Herren begegnet wäre, was ich gantz ohnverhofft von EwHr als

1749 3211 269 51 meinem
