2448 3264
573 152 1709 134 dencke, in welcher diser neüwe truckh mit dem ersten werckh

571 239 1695 134 des Rhatgebers vor 20 Jahr, auch daß erste mahl ans tag¬

569 317 1710 156 ¬liecht getretten :/ setze die frag: ob nicht dieser mit runden noten

567 404 1730 136 eingerichete Noten truckh aus dieser Ursach seÿn eingeführt worden

567 495 1755 121 weilen man die 4 eckige Notd fast nicht mehr verstehen könte

567 578 1741 125 und ein recht hessliches musicieren warne, weil die noten nicht

574 649 1725 136 aneinander gehencket wurden? Jtem gebraucht ja die alten

565 734 1754 129 wenig die tackt virgula, habn auch der gleichen vergraute stück

574 814 1703 138 letzer composizionen gesehen daß willmahl nebt nach 8 bis 10

578 903 1744 126 täckten eine solche virgula ist angezeigt worden, so etwas eckel¬

596 997 1703 98 ¬haftes ist. Wan man nun zur selben zeit disen neüwen

582 1053 1711 112 Notandruckh /: welcher ein Unzähliches geld wird im anfang

591 1135 1688 125 gekostet haben :/ wegen comoditet besser und lesbahrer

583 1224 1718 108 musicieren zu können Introduciert, warumb solte man

589 1291 1704 121 eine solche Bagattel diser 24 Sorte apoggiatur nötelin

598 1369 1701 139 scheüchen machen zu lassen, da dise nicht der comoditet, son¬

574 1445 1747 148 ¬deren der höchsten Notwendigkeit halber eeforderet werden

578 1534 1732 134 weilen ohnmöglich ohne diese ein einziges rechtes werck

603 1622 1692 131 kan ans tag– liecht gebracht werden, welches einen

607 1693 1705 134 rechten abgerichteten musicanten kan gefällig seÿn?

605 1771 1705 116 In Summa: Jch kenn gahr ville und gewaltige Subjecta,

598 1847 1714 134 welche Jhre werck dem publico durch den druck wur¬

623 1925 1650 131 ¬den publicieren, wan nur dise notulæ ein mahl

620 1991 1690 126 auf die welt, und undter die press gebracht wurde!

759 2065 1529 150 Über dises will ich Euwer wohlehrwürden

631 2152 1662 130 Meinem hochgehhrten herren Vetter noch einen rati¬

636 2226 1654 125 ¬onem herbeÿ bringen; wan sie dise Notulæ

640 2297 1644 121 auf dero kösten zum gebrauch dero neüwe er¬

649 2377 1652 125 ¬kauften Notendruckh in die matrices lassen stechen

656 2457 1632 116 so haben sie dise modell allein vor sie, da dan selbe

643 2544 1632 98 können so ville giessen, als sie Nötig haben, Jtem

650 2616 1605 98 seind sie vor andren Notrendruckheren sicher, da

650 2694 1627 109 im anfang nicht gleich einer Jhre werckh wird undterstehen

654 2776 1628 125 nachzutruckeen, weilen es keine solche apoggiaturen hat, welche

2139 2857 149 133 Jhne...
