2448 3264
233 195 1712 178 dem hochfrstl stüftt ein schad zu verursach, so wenig wille

230 279 1693 154 hoffen, daß sie mich mit einer solchen antwort werden

224 362 474 96 retardier wollen.

770 391 1163 127 Jch anerpiete noch mahl meine wahre

230 437 1703 155 fründtschafft sambt meinen musicalischen composizionen, so fern

204 520 1739 156 sie Ihnen nach den proponiert conditionen anstendig seÿn werden.

342 600 1538 147 Jch aber verharre mit aller hochachtung. vid. Original.

397 719 1516 184 Antwort des Herren Honorati Peÿeren

213 846 1710 133 auf meine 2. Schreiben Sub litt. D. & E. de dato St.

215 942 1181 107 Gallen den 14. Jan. 1746 _

834 1028 399 108 An Mich

496 1182 11 83 Das

583 1153 1369 145 Sie so grosser höfflichkeit seÿn, und beliebt mihr

253 1258 1710 107 in dem Neüwen Jahreß wünschen vorzukom̃en, habe ich höfflichst

1967 1191 165 103 litt. E.

230 1338 1739 105 danck abzustatten, und finde mich gleichfahls verbunden,

224 1419 1741 109 daß reciproce zu verrichten, wünsche derohalb ein höchst beglücktes

235 1510 1730 107 Jahr, in welchem, und zu noch unzalbahren villen der gütigste

221 1599 1719 96 Gott den Hr Vetters in beharlichem wohlseÿn conserviern wolle.

389 1682 1553 102 Daß ich auf daß bekante geschäfft nit geantwortet

224 1766 1714 90 bitte mihr nit ungüötig auf zu nem̃en, dan desten seind

228 1849 1744 98 zerschidene ursachen darzwisch kommen, derentwegen die güöthe

219 1929 1545 94 des Hr Vetters mich wird ohnfehlbahr excusieren alß.

311 2005 1661 102 1. Jst enderung in den ämbteren geschach, und ist meiner

223 2090 1749 100 wenigkeit, daß bau, und korn ambt aufgetragen worden,

235 2174 1736 103 ich warr zu vor vestiarius, habe aber solches ambt abgelegt,

232 2250 1690 110 und folglich mit einer grossen rechnung zu schaffen

235 2333 223 100 gehabt.

328 2399 1655 117 2. Die buch truckereÿ Direction habe ich zwar noch, habe

239 2477 1748 132 aber aus erlaubnuss meines Gnädigst fürst einen buchhändler

239 2567 1744 133 arüber bestelt, und die buchteuckerey zu versorgen, sambt

242 2649 1743 143 dem buch verlaag überlassen, auf jährliche abrechnung, solcher

262 2732 1719 153 ist Joseph Sam ein ehrlicher, from̃er, getrüwer mann

264 2810 1707 165 diser hatt selbest schon ein Musical werck von einem Compo¬

272 2897 1708 171 ¬nisten undter hiesige preß eingelifferet, und hat sür selbiges

1860 2988 118 80 mit...
