2448 3264
250 250 1648 122 auf die anhöh von Mont’Alban hinder die linien und

252 340 1687 108 retirieren, allwo wihr 20 tag gelageret waren, und endlich

252 416 1681 98 wurden wihr in selben von den feind bestürmet, bey welch¬

252 497 1638 112 em angriff ich gefangen, nach 8 tägigen gefangenschafft

252 576 1630 104 aber auf mein Officers parole nachen hauss zu reisen,

247 650 1695 100 bin entlassen worden. Jn der ruckreiss durch dass

255 723 1676 103 Piemont hat man zu Conj, Novarra, und Mailand mihr die

258 802 1659 114 ersinnlichste ehrenbezeügungen und höfflikeiten er¬

252 881 1687 103 wisen, ja so gahr wurde man in meiner Camer=Sonate zu

255 954 1676 117 Mailand, allwo mich ein gantzen Monat aufgehalten derge¬

261 1025 1662 111 ¬stals verliebt, dass nach dem ich auf inständiges bitten

266 1096 1676 125 und anhalten selbe abschreiben zu lassen, nicht hergeben

258 1183 1705 111 wolte, mann mihr über meine Reisscofferen hatt beschen

266 1259 1678 114 lassen, selbe ohne mein wissen herauss genom̃en, und

269 1327 1678 120 zwar in einer zeit, da mich auf eins soldgut ausert Mai¬

266 1403 1673 131 ¬land einige täg aufhielte, selbe folglich haben copieren

272 1493 1640 122 lassen, welches erst nach langer zeit, da es zu spath

282 1580 1670 90 ware, vernom̃en habt. Letzlich langte ich in dem

288 1651 1673 119 junio zu lucern, alß in mein vatterland, gantz gesund

282 1727 1673 125 und glücklich an, und da ich vermeinte daß vergnü¬

274 1806 1684 125 ¬gen zu haben eine gute kirchen musique anzutreffen,

277 1879 1684 125 müste ich mit grosem vertrus hören, daß alleß in

280 1955 1672 112 dem alten stand, wie vorhero, welcheß mich also veran¬

280 2031 1672 128 ¬lasete, daß ich anfienge über kopf und hals kirchen

288 2116 1659 122 compositionen zu verfertigen, welche auch mit grosem

296 2192 1681 111 Rumb und lob sind produciert, und approbiert worden;

345 2271 1621 119 fienge also an mich auch in unserem land allenthalb

299 2339 1645 125 berümbt zu machen, da man ja danach schon vor leüfig

304 2412 1681 150 ein vorgeschmack meiner musicalisch wissenschafft in der

312 2488 1613 155 chweitz gehabt. Ich wurde eben mässig ein ville ohrt

299 2564 1667 142 beruffen, umb die Music auf den heut zu tag üblichen

312 2649 1668 149 fuss zu stellen, welches zu eschenbach und anderwertig

320 2779 403 123 geschechen.

459 2801 1518 163 Weilen aber meine Composition, anfiengen

1814 2899 168 93 sich...
