2448 3264
313 246 1538 105 1mo. Werde ich daß erste werckh versprochener

212 331 1679 116 massen ohne geld-Interesse der hochfrstl. St. Gallisch buchtrucker¬

228 417 1656 96 ¬eÿ taliter qualiter, alß wie eß ist, verehren, mihr vorbehaltend

219 493 1643 94 vier- und zwantzig exemplar, und die Dedication, alß eine

219 567 1652 109 gegen Reccompenz; diser ersten vorbehaltnuss folgen noch

217 650 550 97 einige wichtigere:

331 716 1545 109 2do. Jch declariere auch, mit aller zwahr gegeben parole

237 781 1652 125 das erste werck zu verehren, daß diseres nicht ehendter werde

230 874 1655 108 abfolgen lassen, bis ich nach meiner in dem ersten brieff gemachten

230 942 1594 124 quasi-prætension contentiert werde, daß ist, ich habe dises

228 1022 1656 113 werckh zwahr versprochen ohne Interesse herzugeben, welcheß

232 1097 1673 119 dan zu einer Prob solle getruckt werden, ohne daß ich eini¬

241 1175 1653 119 ¬ge händ darin habe, mich auch noch daß darauß erfolgend

233 1262 1669 110 nutzenß, oder schadens im geringsten nichts wolle annemmen;

239 1329 1655 110 danne, wan dises wohl wird ausgefallen seÿn, so solle man

239 1403 1683 127 mihr vor jedeß könftiges werckh hundert thaler in gutem,

239 1488 1675 109 und in unseren land lauffend geld, an gold, oder silber, den

239 1563 1674 132 thaler à dreÿssig schweitzer batzen gerechnet, nebst zwölff

248 1646 1661 125 exemplaren, und der Dedication Francò einfanch. NN eß

252 1722 1617 127 verstehet sich aber nur, wan mein ersteres werckh wohl

253 1806 1667 107 und profittabel vor die hochfrstl buchtruckereÿ solte aus¬

261 1885 1655 116 ¬fallen; wan dises aber wider verhoffen solte geschechen,

252 1962 1710 121 daß die exemplaria nicht solten abgehen, so solle diese meine

255 2032 1658 136 prætension null seÿn, indessen aber wurde Jhm auf daß

264 2117 1672 126 gewisch gelegt, wan man meine werckh wurde verschreÿen

262 2192 1651 123 nur umb damit man die könfftige nicht müsste drucken,

261 2266 1672 116 dan ich versichere nicht nur auß mihr, sonders von dem

277 2335 1665 131 gantzen collegio Musico in hier, daß noch keine wercken

277 2428 1686 121 in teütschland ans tag-liecht gekommen, die mit solcher annem¬

281 2507 1664 129 ¬blich Harmonie, und getribener kunst begabet, als wie

281 2571 1690 165 diese, so alleß ohngerümbter massen Mh Vetters von mihr

299 2672 1213 131 aber mahl hier solle vertrütet seÿn.

420 2723 1561 158 3tio: wan diser Punckten accordiert, so werde ich daß

317 2819 1641 174 mehr gedachte erste werckh, nicht gantz, sonder eine stimm

1728 2904 266 104 nach der...
