2448 3264
625 255 1638 154 mihr ser grosse erleüchtung in der Music mitge¬

620 339 1664 154 ¬theilet. Und aus Consideration disses meines frründes

621 435 1654 123 der ein so eiffriger verehrer der meinen Music, und

612 516 1663 129 wahrer erkener der künstlers ist, habe ich es so weit ge¬

631 591 1659 134 ¬bracht, daß durch mittwürckung des herr Obrist Keller

627 672 1645 134 viller hr Oficiers, und Cavalliers dieser haupt statt, von

636 748 1656 129 mihr eine accademia Musicale ist aufgerichtet worden,

788 832 1484 116 Mit welcher mihr auch in diesem ohrt grosse ehr

640 910 1641 119 und lob zu gezogen, der ich nicht nur von dem adell

647 997 1645 110 allenthalben höchstens æstimiert worden, sonders auch

650 1062 1656 116 von dem vice König Baron Blonaÿ, dem ertzbischoff, und

656 1133 1654 127 seines bruders her. General Lieutenant commandateur Barole

647 1222 1650 125 ser geliebt wurde; in dieser vestung componierte ich auch

649 1307 1653 109 einige Arien und 2 operette; nach deme aber der könig

658 1379 1663 115 unser erstes Battaillon in sein Piemont aufs Neüe nöt¬

649 1456 1646 116 ¬ig hatte, müsste ich nach 7. Monaten schon widerumb auß

658 1530 1637 123 disem Paradeiß zu ruck, umb dem 3ten Feldzug beÿ zu¬

647 1610 1654 125 wohnen; da wihr zu folg dises höchsten befelchs ao 1744.

654 1693 1628 120 den 9. Jeb. auf 2 schwedischen Kauffmanss schiffen ab¬

654 1764 1658 130 gefahren, und von ein Englischen Kriegsschiff begleitet

649 1838 1664 133 worden, haben wihr zwischen der jnsul. S Pietro, und Oristan¬

667 1920 1645 130 ¬gni auf der höche des Meers ein 3 tägigen sturm

665 1987 1650 130 ansgestanden, allwo ich mit nicht geringer Satisfacti¬

665 2058 1657 125 ¬on das wütten und brühlen der wellen, und die erstaun¬

672 2137 1630 124 ¬liche beweggungen diesess Merrs sehen, und erfahren

685 2219 1621 112 kunte; welches mihr ville dienst in mein composition

685 2281 1625 130 geleistet hatt. Nach 24 tägiger seefahrt seind wihr

683 2346 1610 136 endtlich in Villa Franca widerum eingeloffen. So bald

681 2426 1598 127 unser Battaillon debarquiert ware, wurden wir zu

680 2513 1617 123 Nizza in garnison geleget. Jn diser statt ware

705 2589 1605 112 ich nicht weniger glücklich, massen auch hier ein all¬

694 2665 1618 103 ¬gemeines los darvon getragen. Jndesen ruckten

698 2743 1624 103 die Stauische Frantzösische armee gegen uns an, und jedeme

699 2814 1616 114 diese den vahr fluss passiert hätte, müssten wihr aus Nizza

2092 2890 236 96 auf die...
