2448 3264
170 139 1746 200 andere Werckh aus machen, werden einmahlen so groß,

163 226 1753 194 Abgang finden, als wie daß erste, weilen solche nur in grossen,

159 308 1777 192 Stüften, Prælaturen, und wo zahlreiche Musique gehalten werden

161 391 1712 176 können produciert werden, dan Closterfr Gottshaüser, und

155 469 1736 187 kleinere öhrter könten solche composizion nicht außführen

155 565 1714 154 massen 10. obligierte partes zu einer jeden Meß requiriert

152 641 1777 165 werden.  Über dise erste beweg=ursach müssen sie wissen

195 721 1732 163 2.do daß eine von disen 4. Messen vor einem Jahr s.e hochfrst

159 823 1792 138 Gdn zu Einsidlen ich quasi gezwungene habe dediciert, mit disem

146 908 1783 136 Vorbehalt, daß wan ich dise wolte in truckh geben, selbe nebst

155 977 1745 152 dem gantzen werckh, in welchem dies sich befindten würden, S.ne

170 1057 1739 145 hochfstl Gd de novo dedicieren werde. Bin auch darvon mit

152 1146 1799 139 ein köstlich ring von 5. Brillants nebst anderen Kostbahrkeiten

150 1236 1786 122 bnschencket worden. _ Derowegen kan Herr Vetter selbst

150 1314 1744 125 überleggen, weilen ich gesinnt bin daß erste werck Sr hoch¬

165 1398 1748 125 frst Gn zu St. Gallen zu dedicieren, dero der Rang in

150 1490 1813 125 allem vor S:nr hochfrstt Gn zu Einsidlen gebühret, ich also anders

150 1584 1741 120 nicht, alß die arien auß genugsammen motivo, muß vorgehen

148 1657 1772 118 laßen, weilen sie Messen schon sind versprochen worden,

165 1749 1749 118 ehe ich an die St. Gallische buchtruckernÿ gendencken könte. sd

184 1844 1743 98 NB. man leidet an arien eien solchen Abgang, daß jederman

154 1929 1782 89 nur ruffet, wan man nur auch arien auß gehen liesse, ich

155 2005 1817 93 weiß gewiß, daß meine arien in schewebel höltzli aufgekaufft

154 2081 1751 109 wprden. _ Weil ein jedes Dorff in Teütschland solche kann

163 2165 575 110 producieren. sd.

266 2237 1667 113 4o. Über disen vierten punckten hätte ich aber widerum

166 2319 1745 121 gelegenheit mich zu erÿferen, massen ich ersehn muss, daß

170 2404 1743 121 man so unnütze Vorsorg nimbt, dan wan der Herr Vetter

177 2467 1757 146 beglaubt wäre, und mich in dem ædit hätte, daß ich ein aus¬

165 2578 1755 134 ¬gemachter Musicant wäre, so würde er solche geringen

174 2642 1742 148 præcautiones nicht nemmen, umb mich berichten zu laßen, daß sie die

174 2723 1739 152 composizion wolte laßen recht correct schreiben, inmassen

177 2805 1741 168 die Studenten villmahl gahr incorrect schreiben. Wan alle

177 2921 118 119 Scribenten

362 2892 1581 185 und componisten, eine solche exactitude observieren würden

1782 2984 160 111 alß...
