2448 3264
2384 213 25 89 „

2373 319 67 58 1741

538 217 1663 185 würden? 3o Wollen sie lieber die Messen vorhero als

538 304 1668 163 die arien in trückh nemmen. 4.e Solte ich die Composizionen

542 375 1664 178 correct lassen abschreiben, damit in dem truckt keine Fehler

544 466 1653 165 einlauffen möchten, dan die studenten schreiben gahr incorrect.

569 538 1652 158 5o Wollen sie mihr vor das neste werckh nur 100 gl. geben

553 620 1650 163 6.to Wan ich nacher St Gallen kommen werde, würde es Ihnen ser

549 694 1639 178 lieb seÿn; Hr OberVogt meldete weiters nichts. Dise

549 777 1657 158 commission verrichtete er mihr den 27. Maj. Nun will ich dem

562 855 1643 165 Hr Vettern die antworth ertheilen, wie sie S.J./ Hr OberVogt

562 937 1662 156 ist zugestelt worden. Auf den ersten Punckt zu antworten:

567 1028 1667 136 beÿ diesem Muss ich sie meines letsteren schreibnus errineren

685 1095 1541 141 belieben sie nur nachzu suchen, und jenen constructiones

573 1171 1644 165 nacheinander zu lasen, allwo sin also anfangen: "Wan

772 1236 1462 158 Jhnen aber belieben wird dise ohne anstand einzugehen

757 1323 1464 153 und bis gegen Ostern mihr dise versicherungs schrifft

765 1403 1445 151 zu zu senden, so werde ich in aller möglichsten Eÿl die 2

765 1486 1463 153 ersten opera lassen von einem Copisten in com¬

770 1559 1480 152 pleten stand bringen. p. Jnen belieben sie auch noch

614 1642 1616 162 mahlen daß endt gedacht schreibens zu lesen, da es also

602 1711 1650 171 anfanget: "mache also dan schluß p Und 3o Die so ser nötige

810 1791 1440 145 versicherungschrifft bis auf Ostern mihr einsenden

605 1865 1619 165 werden, so werde ich mit gröste freüdten an disen wercken selbst

830 1938 1420 154 helffen abschreiben, damit sie auf bestimte Zeit von mihr

825 2029 1285 125 könten persöhnlich eingelifferet werden. _

625 2090 1621 144 Aus disen 2. undterschidlichen stellungen können sie ja schliessen,

629 2166 1634 155 daß ich von Jhnen die letste antwort, und zwahr schrifftlich erwar¬

643 2232 1600 148 ¬tet, umb damit, wan sie meine vorgelegte Conditiones wolten

640 2308 1619 158 eingehen, ich diese werckh ohngesaumbt könte theils ich, theils meine

649 2388 1615 154 copisten abschreiben. _ Es kombt mihr also umb so wun¬

647 2466 1619 136 ¬derlicher vor, da der Hr. Vetter ohne weiteres zu dancken

649 2551 1586 127 von mihr prætendieren darff, daß ich ohnverzüglich ein

654 2638 1558 116 werckh solte übersenden; meÿnen sie dan ich könne ein solches

669 2710 1594 111 werck ietzt und gleich auf einem armbrust daher gfeiser?

690 2794 1553 116 es hat mit deren musicalien keine betwantnuß, wie mit

2101 2861 133 94 einem...
