2448 3264
504 199 1726 125 seÿe, seine Kunstreiche Musicalia in den truck

498 291 1705 126 zum vorschein zu geben; derohalben, weilen die ietz

500 380 1734 127 gebräüchige getruckte Noten Characteres in keiner buch¬

502 464 1732 119 ¬truckereÿ alß Lotterischen zu Augspurg, und allhier in

522 553 1730 125 St Gallischer, so habe ich ds freündtliche antragen machen

504 632 1735 120 wollen um mihr eine Ehre zu machen, selbe Musicalia

511 725 1737 109 auf dero selbst eigenen verlag zu verfertigen auf

511 806 1742 102 einen leidenlicheren preiß, alß zu Augspurg, alwohin

502 892 1768 107 den hochgehe Hr die tracte ja gar vill zustehen komete

496 973 1767 109 wegen weiteren entfernung des orts. Man verferz¬

509 1053 1750 120 ¬get den bogen à 3 f. allhier sage treÿ gulden, daß pa¬

516 1136 1754 117 ¬pÿr aber wird à parte bezahlt, wegen desen zerschidener

507 1216 1765 127 gattung, so man zu erwällen hatt; sie können auch versiche¬

514 1307 1741 103 ¬ret sein, daß mann kein exemplar mehr, oder weniger

505 1381 1741 102 trucken werde, als sie befehlen werden ausgenom̃en

522 1468 1733 107 zehen eintzige. dises puncti, oder conditionis kann mann

511 1546 1750 115 in dem zu weit entfernten augsturg aus mangel der

516 1624 1736 120 obsicht nit getrösten: dises habe ich in kürtze zur Nach¬

531 1700 1706 135 ¬richt verdeüten wollen, der ich indesen die Ehr habe

538 1816 1050 95 zu seÿn mit aller veneration ed.

685 1871 1536 114 P. S. bitte mihr gehorsambst auß, die addresse

553 1958 1260 101 formula mihr zu senden. Vid. Orignal.

756 2083 1459 127 Antwort auf das schreiben sub litt A. _ de

536 2188 1707 102 dato Lucern den 10 Nov. 1745 an R. P. Honoratum

569 2279 881 107 Peÿer zu st. Gallen

368 2415 163 96 litt. B.

879 2400 1360 127 Eine besondere Ehr widerfahret meiner wenigkeit durch

542 2496 1708 115 daß hochverehrtiste schreiben Mhh. Vetteren under dem 5. Cur¬

544 2598 1702 102 ¬rentis, welches mich umb desto mehr solle erfreüwen, da

544 2680 1702 125 mihr die erwünschliche gelegenheit zufliesset mit Mhfr. Vettern

547 2772 1697 129 in eine freündschafflich, vetterliche bekantschafft zu tretten,

545 2879 1689 122 welches ich umb so mehr schon so ville Jahr hero gewünscht hätte

2021 2975 214 96 mit....
