2448 3264
516 195 1757 153 1738, nachen St. Urban verreisete, allwo ich, nach wegen

527 269 1746 144 der dortig schlechten music /. wegen welcher ich die meinige

530 356 1741 144 hätte sam̃ethafft vergessen müssen ./ noch wegen an¬

522 440 1743 147 ¬deren genugsam̃en ursachen, und zu gestossen unpass¬

524 516 1747 147 ¬ligkeith nicht bleiben könte, sondern gleich wie ich an dem

535 595 1749 158 vorabend vor allerheilig Fest A^o 1738 in daß Gotthaus

538 688 1738 144 eingetrethen, also ich an eben disem Tag. A^o 1739 aus

533 769 1730 139 selben widerumb abgereistet bin; Mein herr Gross¬

533 843 1759 149 vatter hat eß gar nicht gezürnet, daß ich widerumb

541 935 1735 136 nacher hauss kom̃en bin, wo doch andere hingegen weith

544 1020 1738 130 lieber gesehen hätten, wan ich ein Religios worden wäre.

590 1093 1705 136 Allein ist der willen dess allerhöchsten nit gewesen,

538 1169 1771 158 drume nichts zu wider geschechen han, noch solle @@ Jch hatte

549 1251 1749 152 aber keine bleibende statt in meines vätterlichen haus,

538 1338 1754 138 wuerde also durch anordnung deß hr Gross Vatterens

552 1406 1743 155 A^o 1740 den 7te Sept. nacher Mailand zu dem hr. agent

546 1490 1752 158 krentzlin in die frembde gesand, allwo ich 17 Monathe beÿ

554 1566 1738 177 gedachten herre mich anfhielte. Jn dieser statt

557 1659 1744 163 fienge ich erst an zu erkeñen, waß die music wäre,

560 1740 1732 161 alles, waß ich vermeinet hatte zu köñen, ware ein

573 1827 1717 161 schatten werck, und luft ohne leib, gegen der so unver¬

557 1893 1744 176 ¬gleichlich= und unbeschreiblich schönen music, so ich hören

568 1972 1744 171 müsste. Es wurde mihr gelegenheit geschaffet die

568 2059 1733 160 operen zu sehn, die Kirchen, und cam̃er musiques zu hören,

579 2143 1733 144 in die accademien zu gehen, und die heüser vornem̃er

590 2211 1713 174 singer, singerinnen, und Musicanten zu frequentieren;

582 2292 1721 164 ich setzte das componieren auf die seiten, und legte mich

590 2371 1664 161 auf das Clavecin spihlen, welches durch anhörnung so

590 2445 1711 166 kunstvoller und annemblichsten composition dergestalten

595 2526 1736 153 in weniger zeit, ohne eintzigen meister nach jetzig,, galanter

601 2608 1711 152 und meister mässigen mode erlehrnet, daß ich nicht nur

606 2692 1719 144 von jederman ser aestimieret worden, und aller ohrten

609 2771 1713 144 in den vornembsten heüseren völligen ingeehs gefunden,

628 2861 1678 150 sonders die vornembsten Capellmeister nichts scheüchen,
