2448 3264
279 224 1623 136 wegen dem von Jhme erlehrnt so guten fundament,

277 313 1677 136 gnugsamb danckbahrlich mich einzustellen, aussert stand

273 393 1674 132 mich befinde. Jch habe auch so vill beÿ Jhme erlehrnet, das

268 462 1675 143 under diesen 6. Jahren, schon im Neünte Jahr meines alters

277 540 1650 132 Jhme alle Chör, und Kirchen Musiques verrichten könte.

311 607 1616 134 Ao 1732 wurde ich in daß Closter nacher Neües St. Jo¬

281 698 1648 127 han in dem toggenburg, und under daß hochfestle stüfft

284 768 1658 129 St. Gallen gehörend, versendet, alldorten brauchte ich keine

275 843 1654 130 Meister mehr, sonder exercirete mich nur under der Ob¬

281 932 1646 117 sicht meines Oncle R. P. Laurentÿ Rusconj, der zimblich

282 1004 1674 122 wohl in den galanterie stucken des Orgelschlagens erfahren

282 1080 1629 118 ist; nachdem ich aber beÿ mihr selbsten erweget, daß beÿ

277 1155 1668 114 anderen zim̃er, und cam̃er Musiques keine Orgel, und selten

273 1236 1667 109 eine spinetten anzutrefen, ich also beÿ solchen Musichen

266 1307 1665 111 unnötig wäre, bin ich auf die gedancken gefallen, daß

272 1381 1670 118 Violin und Violoncello streichen zu lehrn, welcheß auch

262 1461 1683 127 durch die anleithung des hr P. Hyeronimi Königs capitular

270 1546 1684 122 des hochfest stüffts, als damahlig gewesenen Profeßoris

272 1624 1615 113 und Jnstructoris in der music, in gedacht Closter zu

264 1711 1669 98 St. Johan vollzogen worden. Ao 1734 hatte ich die Gnad

268 1787 1672 104 auf die ho.stle Schuel zu St. Gallen zu kom̃en, allwo ich ser

279 1864 1677 105 gute gelegenheit fande mich in der music zu perfectionieren;

291 1938 1622 102 alles da haltete mich nicht langen, als 14. wochen in circa

277 2016 1657 105 auf, wurde also widerumb nachen st. Johan zu ruck ge¬

268 2094 1677 111 sendet, allwo mihr Ao. 1735 der lust zum componieren

264 2185 1670 88 gekom̃en; habe vor mich selbsten angefangen etwaß

259 2248 1670 100 zu verfassen, welches beÿ mihr eine solche liebe zu der

264 2321 1672 99 music und composition erwecket, daß ich von dieser zeit an,

264 2404 1685 103 solche bis auf disen augen blick mit unverdrossen Fleiß

261 2482 1679 111 und müh continuiert habe. Nach dem ich in disem Jahr

272 2562 1670 98 widerumb nacher hauß bin zu ruck beruffen worden,

266 2640 1681 110 Allda ich bis Ao. 1738. Verbliben, und in der music bestendig

272 2721 1668 120 mehr zu genomen, habe ich mich resolviert ein Religios

272 2792 1688 136 cistercienser ordens zu werden, derowegen ich h 31. Otober

1753 2886 207 96 1738...
