2448 3264
496 141 1757 187 deß feürß wolte übergeben, als daß ich einen so schandtlichen

493 228 1760 172 und disreputierlichen Antrag annemmen wolte, verzeihen sie

489 319 1779 177 mihr, daß meine Ehr und reputation, welche mihr lieber alß

487 415 1792 158 guth und geld, mich veranlasset ein solche empfindtliche wort

491 505 1779 155 heraus zu brechen, wan der Herr Vetter den gemachten

493 567 1759 172 Antrag so wohl würde überleggt haben, alß ich bis dahin

495 676 1786 140 meine geschäfften reflectiert, so würde der Jhrige Antrag

496 752 1777 143 beÿ Ihnen ehnedter verflogen seÿn, alß daß sie einen solchen dem

496 828 1785 154 papir anvertraut hätten. _ Also und also habe ich mich beÿ

495 919 1782 141 S.J./ Hr. OberVogt expectoriert, demme er in allem selbsten

514 1040 512 104 beÿfallen müsste.

1138 1004 1128 107 Jch will hoffen, der Herr Vetter

496 1075 1785 149 werde sich zur raison bringen lassen, wan er wird ver¬

511 1164 1768 148 ¬stand haben, was ich hier ferners melde. Sie

516 1247 1770 138 müssen wissen, daß wan ich miner sicheren hochansehlich und

525 1325 1723 145 fürstt Prælatur meine composizion wolte verkauffen,

516 1414 1766 143 man mihr nicht nur vor jedes werckh 100. sondern 200.

520 1494 1761 147 Thle geben würde, allein, weilen ich nicht so will auf

522 1583 1766 143 Interesse gehn, alß ich sonsten von der Ehr stimuliert

534 1671 1761 144 wird, so habe ich darumben noch nicht einwilligen wollen,

540 1762 1706 123 indemme, wan ich diese werckh umb 1000. Thlr verkauff,

551 1833 1744 139 selbe nicht weiters bekant bleiben, alß in selbem

540 1916 1762 149 Gottshaus, daran ich meiner lebtag keinen theil mehr

556 1991 1748 132 haben kan; im Gegentheil aber, wan sie getruckt würden

553 2069 1759 148 so könte ich darmit bekant, und ansehnlich beÿ dem publico werden

547 2156 1750 134 und ich hätte dannoch iederzeit die freüd meine composizionen

553 2239 1739 123 in truck beÿ handten zu haben. s Wegen disem habe ich

551 2321 1744 121 bis dahin nicht consentieren wollen, wo ich doch genugsamme

556 2397 1752 119 Versicherung in handen habe, daß wan ich dise will einliffern

562 2486 1731 117 alle Augenklick mihr 1000 effective Thler, so gut alß ein batzen

565 2574 1734 116 ausgezahlt werden. _ man hat mihr auch noch ein

569 2667 1724 92 anderes project gemacht, daß ich aus meinen composizionen

574 2743 1716 94 eine lotterie solte aufrichten, darmit ich noch so will gewinnen

582 2819 1650 96 könte, allein dises findte vor mich nicht anstendig. _

602 2886 1682 127 diseß alleß habe S. J./ Hr OberVogten erzellet, und habe

2117 2986 187 143 Jhme...
