2448 3264
277 233 1668 118 auf die neüwiste gattung zu stand gebracht, welche

281 319 1648 99 von jederman seind admiriert worden. Hier ware

282 391 1681 122 aber der ohrt, allwo beÿ reiffer vernunfft mich anfienge

304 475 1654 105 zu erkenen, und da ich nach gedachte, daß, weilen ich allent¬

281 554 1671 100 ¬halben wegen der Music nicht nur in dem Meÿlendischen,

290 623 1650 109 sonders auch durch das gantze Piemont so ser bin gelobet,

282 707 1643 96 admiriert, und bekant worden, ich etwas müsse wissen

286 785 1665 98 und verstehn. Erfahrte ich durch Göttliche erkantnus, daß

288 864 1663 91 alles, was ich wisse, verstehe, und machen köne, nicht von

286 942 1634 98 mihr, sonderen alles und jedes, was der Mensch besitze,

279 1020 1679 95 von Gott allein herkom̃e, und ohne dessen Gnad und Göttliche

279 1100 1688 93 Eingebung ein solcher ohnmöglich etwas ans tag liecht bringen

286 1169 1666 100 könte, derowegen ich von dem augenblick dieser erkanknus

284 1251 1676 92 an mihr vorgenom̃en köufftig hin nichts mehr meine eigen¬

282 1318 1685 100 ¬verstand zu zuschreiben, sonderen jeder zeit zu gedencken,

284 1405 1703 94 daß ohne Göttliche hilff nichts in stand wäre zu machen, und

286 1483 1683 101 alle ehr und glori dem allerhöchsten allein gebühre; zu

279 1568 1683 96 disem zihl und Endt habe mihr diesen wahlspruch aus dem

286 1641 1688 99 Psalterio Davidis: Non nobis Domine, non nobis, sed nomini

290 1724 1641 107 tuo da gloriam. ps. 123. vers. 9. zu ewigen angedencken

282 1800 1701 102 auserwehlt, welcher auch bis dahin beÿ allen angefangenen

288 1878 1693 107 composition, und offentlich Kirchen Musiques von mihr

282 1951 1712 99 fleissig ist widerhollet worden. Jn diser zeit, da ich

282 2027 1723 109 unbeschreibliche ehr, khuns, und grosse Freünd mihr erwor¬

281 2107 1713 107 ¬ben, langte unversehen der Köngle befelch an, dass unser

284 2186 1719 104 Regiment in Sardinien abreisen müse. – In dem zu End gegan¬

290 2264 1710 96 ¬genen Junio bin ich demnach mit dem anderten Battaillon ab¬

291 2341 1709 97 ¬gereiset, und da wihr in villafranca auf Frantzösischen Tartan

295 2420 1721 107 eingeschieset worden, seind wihr in der nacht an St. Peter und

299 2489 1708 125 Pauli Fest ansgedacht hatten ausgeloffen, und in 10 tagen

301 2571 1684 121 zu Cagliarj der hauptstatt von der jnsul Sardinien glücklich

290 2643 1717 133 Angelanget. – Jn dieser statt wurde ich gleich anfangs

308 2732 1675 122 mit dem hr Advocatd und Controlleur General Ratti bekant,

313 2812 1683 136 welcher mein innigster Freündt gewesen; dieser herr hat

1802 2897 214 96 mihr...
