2448 3264
486 198 1747 125 seye, seine kunstreiche Musicalia in den trucks

489 285 1714 136 zum vorschein zu geben; derohalben, weilen die itz

495 372 1743 136 gebräüchlige getruckte Noten Characteres in keiner buoch¬

500 456 1733 134 truckerey als Lotterische zu Augsburg, und allhier in

514 549 1735 128 St. Gallischen, so habe ich es freündtliche antragen nach

500 628 1749 130 wollen um mihr eine ehre zu machen, selbe Musicalia

508 720 1744 117 auf dero selbste eigenen verlag zu verfertigen auf

508 799 1749 117 einen leidenlicheren preis, als zu Augsburg, alwohin

503 886 1773 120 den hochgehrt hr. die tracte ja gar vill zustehen kom̃ete,

495 971 1778 111 wegen weiteren entfernung desorts. Man verfer¬

505 1044 1758 128 get den bogen à 3 f. allhier sage trey gulden, dass pa¬

516 1131 1757 122 ¬pyr aber wird à parte bezahlt, wegen desen zerschiedener

503 1207 1773 142 gattung, so man zu erwällen hatt; sie köñen auch versiche¬

522 1297 1730 106 ret sein, dass mann kein exemplar mehr, oder weniger

503 1373 1741 112 trucken werde, als sie befehlen werden ausgenom̃en

516 1457 1738 120 zehen eintzige. Dises puncti, oder contitionis kann mann

514 1534 1751 130 in dem zu weit entfernten augspurg aus mangel der

514 1618 1743 133 obsicht nit getrösten: dises habe ich in kürtze zur nach¬

533 1697 1708 144 ¬richt verdeüten? wollen, der ich indesen die ehr habe

527 1806 1066 106 zu seyn mit aller veneration @.

680 1857 1550 136 P.S. bitte mihr gehorsambst aus, die addrese

538 1950 1276 119 formul mihr zu senden. Vid. Original.

639 2064 1577 155 Antwort auf das schreiben sub litt. A. – de

535 2195 1717 97 dato Lucern den 10. Nov. 1745 an R. P. Honoratum

549 2268 887 122 Peyer zu st. Gallen

783 2382 1455 150 Eine besondere Ehr widerfahret meiner wenigkeit durch

535 2491 1722 120 dass hochverehrtiste schreiben Mhh vetteren undter dem 5. Cur

546 2592 1706 111 ¬rentis, welches mich umb desto mehr solle erfreüwen, da

541 2671 1716 138 mihr die erwünschliche gelegenheit zufliesset mit Mhfr. Vetteren

546 2766 1708 138 in eine freündschafftlich=vetterliche bekantschafft zu trethen,

541 2875 1697 144 welches ich umb so mehr schon so ville jahr hero gewünscht hätte

364 2401 155 117 litt. B.

2018 2970 220 109 mit.....
