2448 3264
362 168 1670 116 geschechen, daß man zu Augspurg selbe nach trucken wer¬

315 257 1686 102 ¬de, da eß dan schon schaden verursachen könte; über ein

319 339 1693 101 solche begebenheit wäre aber bald abzurathen, daß man vor

304 420 1732 96 alle vorsorg profisionaliter ein beisterle? Privilegium nemme et¬

308 493 1730 103 ¬weilen St. Gallen auch von dem Römisch Reich dependieret,

306 574 1721 104 da darft man danne undter geldstraff und Confiscation

313 652 1699 102 der truckereÿ, und exemplar solche werck nicht mehr

315 734 1706 94 nach trucken. Dise Declacation verlange ich vor allen

324 806 1716 113 auß /. wie schon gesagt./ darin dergestalten austruckung

330 892 1719 103 soll gesetzet werden, die mich auf alle cariß aller entstehend

326 968 1728 107 könnend vertriesigkeit freÿ setzen. Will hoffen sie werden

340 1053 1705 93 meine meÿnung schon fassen, wie ich eß verlange. Jch

322 1127 1707 102 begehre Mhf. Vettern, oder daß hochfrstle stüfft nicht in

319 1198 1721 107 unglückh, und schad zu bringen, allein kan Jhnen auch keinen

319 1280 1713 105 nutzen versprechen, indemme alleß von dem glückh abhanget,

322 1369 1710 97 will mich indesen aber auch nicht in gefahr setzen. Jch

340 1452 1710 102 schreibe so aufrichtig Mhh wetter, daß sie gewiß wenig

319 1530 1708 102 dergleichen freünd werd Ovenerieren, die mit Jhm so real

324 1613 1719 98 tractien. Jch wünschte aus hertzen, daß durch meine

331 1693 1752 100 werckh sie daß utile des hochfrstle stüftts könte augmentieren

339 1771 1711 100 obwohl ich doch wenig Nutzen darvon hätte, wan auch schon

344 1851 1723 100 vor jedes werckh 100. Thlr bekommete. Allein mihr würde

339 1929 1702 96 alle zeit eine Ehr seÿn, wan ich von St. Gall hören könte,

339 2009 1724 107 daß ich Jhm gelegenheit geben hätte Jhro Interese zu vermehren

342 2090 1728 109 dan ich mihr schon zum voraus einbilden kan, daß nicht nur

346 2174 1674 98 meine, sondern noch ville andere werckh würden getruckt

340 2244 1690 93 werden; allein dises wäre daß erste, dardurch der St.

340 2319 1694 105 Gallische Noten druckh bekant gemacht würde. Mhh.

348 2408 1715 103 Vetter wolle ab disem zwahr lange schreiben nicht einige

359 2493 1695 109 vertriessligkeit schöpfen, massen die materi alleß, waß

360 2567 1698 109 hier gemeldet worden, auch die Repetition, erforderet hier

359 2642 1713 116 anzusetzen. Underdessen könen sie disset obbemelte begehren

366 2723 1722 133 Jenen anzeigen, so es nöthig hab zu wissen wan Mhl. vetter

364 2832 65 85 nicht

476 2821 1574 127 genugsamme Macht und gewalt hat solche vorschläg

1742 2946 352 89 anzunemmen...
