2448 3264
228 152 1727 111 oder apprehendieren müsste, welches in Mailand eine

206 239 1741 103 bekante sach ist; damit ich aber auch beseres funda¬

220 315 1743 112 ment in dem violin besitzen möge, habe den hr. Galimberti

212 394 1746 109 vor meinen Meister mihr ausserwählet, der mich 3. Mo

206 478 1768 104 nat lang instruiert, wie man nach der Regel den bogen

220 554 1781 115 führen, und die finger in den Transport aufsetzen müsste

399 636 1567 112 In dieser statt habe ich nicht weniger auf mihr

217 712 1757 120 selbsten gelehrnt die Viola, Contrabass, und ein wenig

214 791 1749 131 dass Psalterium zu schlagen. Endtlichen nach fast

223 867 1759 131 anderthalben jahren habe ich widerumb angefangen zu

225 949 1722 125 componieren, und zwar meine cam̃er Sonate vor die

228 1028 1757 125 spinetten, welche in Mailand ser hochgehalten worden.

348 1109 1618 115 Weilen aber Ao. 1741 mein herr Gross vatter

228 1180 1779 131 mit meinem grösten bedauern das zeitliche gesegnet,

223 1267 1754 125 und zu end dieses jahres das lobl Regiment Keller aufge¬

233 1354 1787 122 richtet wurde, hatt herr Vatter in selben mihr auch eines

223 1438 1784 128 Officiers stell erhalten, zu welchen Regiment ich ao. 1742 in

220 1528 1811 123 dem Mertzen abgereiset bin. In disem jahr habe ich nicht

225 1610 1763 119 vill zeit gefunden zu componieren, wir folgendts zu ver¬

236 1697 1768 119 nom̃en seyn wird, indessen habe bey angestelten Musiques

233 1776 1752 122 nicht nur zu Jvrea, Augusta, Novarra, allwo ich bey den Mar¬

239 1863 1722 98 quis Rivarole gewesten vice König in Sardinien, und

233 1936 1774 125 Gouverneur gedachten vestung /. Der sonsten kein Feründ

239 2015 1765 120 der Officierst ist ./ ein favorit gewesen, sonderen auch ab¬

236 2105 1760 114 sonderlich in des königs haupt und Residenzstatt zu

231 2184 1776 125 Turin, und hernach zu Coni, Nizza, und Cagliari in sardi

236 2271 1774 111 nien durch mein spinetten spihlen grosen applaus, und

247 2360 1768 96 villes ansehen erworben; da unser erstes Battaillon

242 2434 1776 111 in Jvrea kaum recht Complet warr, müste selbest nachen

250 2516 1781 130 Novarra in die garnison, allwo auch zu gleich dass anderte

250 2597 1792 133 aufgerichtet wurde, sich verfügen; Nach 2 monaten wur¬

258 2676 1771 141 de dem ersten battaillon angezeiget, dass selbes nachen Conj

263 2760 1774 147 marchiren sollte; da wihr also in gedachten vestung waren

263 2847 1741 150 kame die anderte ordre, dass wihr nacher demont abreisen

1735 2937 253 101 solten.
