2448 3264
391 203 1474 159 daß die unserem Vetters Hr P. Laurentio im

203 299 1655 141 St. Gallisch erwisene villfeltige Gnaden, Gutthaten

194 386 1675 138 und wohl gewogenheiten wihr sattsamb erkennen,

204 467 1554 131 solle auch nebst der gezimenden erkantligkeit

194 547 1717 122 ein punckt meiner tragendt obligation seÿn darvor

190 625 1730 122 unsere familie, absonderlich aber ich, sich ewig danck¬

208 701 1703 127 ¬bahr dem hoch frstl stüfft erzeigen wird; dargegen

188 783 1701 116 wihr auch unsere zwar schwache, und ohn kräfftige

188 864 1725 120 denstfertigkeiten zu allen zeiten wollen ehrengietig¬

208 953 1690 107 ¬st angetragen haben. Jch aber verpleibe stetshin, in

188 1035 1708 98 Erwartung baldiger antwort, mit aller veneration p.

442 1109 1472 102 P. S. Sie werden indesen sich jederzeit gefallen

190 1187 1668 96 lassen in der überschrifft des überschribenen formulars

188 1269 1721 92 zu bedienen, abfonderlich der wörteren: Lieutenant Meÿ¬

192 1340 1690 103 ¬er de Schauensee, dan es seind unser ville Meÿer, also,

188 1425 1676 107 daß schon offt geschechen, daß einer dem anderen ohne

183 1515 1585 98 wissendt die brieff eröffnet. Etc. vid. Original . ...

357 1588 1559 116 Auf dises schriben ist mihr keine antwort eingelanget, son¬

197 1679 1707 99 ¬deren nach eineger Zeit ware ich obligiert aufs Neüw wi¬

228 1762 801 100 ¬derum zu schreiben.

498 1880 1338 150 Schreiben an R. P. Honoratum Peÿer

197 1994 1230 109 de dato Lucern den 23. Decemb. 1745.

480 2128 1618 144 Beÿ vorstehendt Hl. Christ=Feÿer, und Einfallen- litt E.¬

204 2224 1721 120 ¬ten Jahrs Enderung will ich nicht der wenigste seÿn die

203 2299 1731 134 jenige schuldigkeit gegen Eh Mhl vetteren zu observieren,

208 2379 1715 128 so in diesen Hl zeiten üblich seind gegen einandter löblich

195 2457 1732 136 zu weplen. Will disem nach denselben alleß daß jenige

201 2540 1713 150 confirmando felicitiert haben, waß schon allbereith heüffig

204 2629 1723 143 wird zu geflossen seÿn, bemantlichen: der allerhöchste wolle

197 2692 1721 178 Ehr.. so lang in ehlist und vergnüglichsten wohlseÿn und

208 2778 1761 170 contentement erhalte, als sie selbst nach dero eigen, wunsch

217 2877 1723 180 verlangen könne, welches mihr jederzeit ein grosses avantage

1780 2966 122 105 seÿn
