2448 3264
274 228 1670 125 Auf die neüwiste gattung zu stand gebracht, welche

277 310 1651 114 von jederman seind admiriert worden. Hier ware

280 386 1686 125 aber der ohrt, allwo bey reifer vernunfft mich anfienge

293 465 1668 122 zu erkennen, und da ich nach gedachte, dass, weilen ich allent¬

277 549 1681 106 ¬halben wegen der Music nicht uns in dem Meylendischen,

285 622 1659 109 sonders auch durch das gantze Piemont so ser eingelebet,

280 699 1643 106 admirieret, und erkant worden, ich etwass müste wissen

282 775 1679 117 und verstehn? Erfahrte ich durch göttliche erkantung, dass

288 854 1662 95 alles, wass ich wisse, verstehe, und machen köne, nicht von

282 938 1638 103 mihr, sonderen alles und jedess, was der Mensch besitzen,

277 1011 1681 109 von Gott allein herkomme, und ohne dessen Grund und Göttliche

277 1088 1684 106 eingebung ein solches ohnmöglich etwas ans tag licht bringe

282 1158 1668 114 könte, derowegen ich von dem augenblick dieser erkantnuss

282 1245 1681 98 an mihr vorgenom̃en könfftig hin nichten mehr meinen eigen

280 1316 1692 106 verstand zu Zuschreiben, sonderen jeder Zeit zu gedencken,

282 1395 1711 92 dass ohne Göttliche hilff nichts im stand wäre zu machen, und

285 1471 1687 117 alle Ehr und Glori dem Allerhöchsten allein gebühre; zu

280 1555 1678 115 diesem Zihl und Endt habe mihr diese wahl stuck aus dem

285 1632 1687 111 Psalterio Davidis: Non nobis Domine, non nobis, sed nomini

285 1710 1640 120 tuo da gloriam. ps. 123 vers. q. zu ewigen angedencken

285 1795 1700 111 auserwehlt, welcher auch bis dahin bey allen angefangen

288 1871 1694 117 composition, und offentlich kirchen Musiques von mihr

280 1942 1713 117 fleissig ist widerhallet worden. Zu dieser Zeit, da ich

282 2018 1722 119 unbeschreibliche Ehr, khuns, und grosse freünd mihr erwor¬

280 2099 1711 115 ¬ben, langte unterstehen der Köngl. Befelch an, dass unser

282 2184 1722 114 Regiment in Sardinien abreisen müsse. In dem Zu End gegan

288 2257 1711 112 ¬genen Junio bin ich dernach mit dem anderten Battaillon ab

293 2333 1708 112 ¬gereiset, und da mihr in villafranca auf frantzösischen Tartan

293 2412 1727 112 eingeschisset worden, seind mihr in der nacht an St. Peter und

296 2486 1711 138 Pauli fest aufgedaucht hafe ausgeloffen, und in 10 tagen

291 2564 1691 136 zu Cagliari der hauptstatt von der Jnsul Sardinien glücklich

288 2641 1722 144 angelanget. – Jn dieser statt wurde ich gleich anfangs

304 2725 1676 131 mit dem hr advocat und Controlleur General Ratt bekannt,

307 2807 1689 149 welcher mein iñigster freündt greworden, dieser herr hat

1797 2902 215 92 mir...
