2448 3264
482 174 1761 139 anzu nem̃en, und zu ratificieren; ohne welche, wan sie

476 259 1790 150 nicht genemmiget wurden, sie mihr pardonieren würden, wan ich

484 346 1771 143 sage müsste daß ich daß gethane versprechen auch nicht

480 431 1761 134 halten könte. Über dise materi aber wird mit mihr

500 504 1757 156 zu tractieren seÿn; will auch gahr gern dero Einwendung

496 585 1763 147 oder difficultet verhörn, wan einige über diese punckten

500 672 1786 156 sich sollten absetzen, so ich zwahr nicht vorsehn kan. Von

502 756 1766 139 Sie also gesinnet wäre, dieses meine werckh zu übernemmen

502 835 1768 147 und die Condition Einzu gehen, so werde E Mh die gütigkeit

509 935 1754 138 haben auf einem bog, oder blatt, alle Not, Sospiren, tackt¬

514 1004 1759 145 ¬ruthen, pausen, schlüssel, strichlein, ja auch alle kleine

516 1082 1747 145 vorshlag-nötelin, welche beÿ mein werckh ser nötig /. so

524 1167 1708 153 ich in übrig teütsch auctoribus niemahl geseh. / in summa

511 1245 1768 149 alleß, waß zu ein Notd truckh gehörig, abgetruckter, wie

522 1318 1717 154 auch alle brieff, und waß sie ratione diser Not-arbeith

520 1394 1762 170 überlifferen werden, könfftig Francò einsenden wollen, dan der

518 1483 1750 163 porto sich gleich hoch belauffet, welches mein seckel in die

520 1570 1717 161 lenge nicht ertragen möchte. Danne bitte auch, daß

529 1651 1753 164 Mht Vetter von nun an keine Mensch weg dieser undter¬

531 1724 1742 169 ¬handlung etwas schreib, oder bericht wolle, daß sich zu

538 1809 1750 163 St. Gallen ein werckh in truck gebe, es wird nur desto

540 1885 1726 169 ansehnlicher, wan wihr alleß still behalten, bis zur

591 1963 1695 151 Zeit, da dieses publiciert solle werden. bitte mihr in disem

551 2038 1744 176 stückh zu folgen, dan ich rathe nicht ohne fundament. Deren¬

547 2125 1746 167 ¬thalb sie sich noch an dero S. J. / Hr. Vatter in hier, noch an

551 2205 1737 150 alen R. P. Laurentium zu Rhrÿnauw, oder anderwertig

560 2279 1733 156 dises geschäffts halber zu schreiben, nicht bemühen wollen

732 2350 1549 159 Jch habe auch bis dahin niemand gesagt, waß ich

571 2433 1710 145 undter der hand mit Mhh Vetteren handle, will auch

576 2524 1681 152 so verschwig seÿn, daß selbes niemand von mihr solle

574 2598 1708 147 vernemmen. Wegen der Dedication und tituls werde

580 2680 1717 139 mich schon mit der zeit persöhnlich verstehen, wan diese

591 2765 1702 143 werckh seinen fortgang, und die obige proponierte punckth

607 2877 751 116 platz finden solten. p. p.

2018 2944 248 96 Daß...
