2448 3264
248 230 1672 147 dan ich bin noch nicht gesint ein Negoziant zu werden, dan

239 328 1683 114 so ich dises intendieren wolte handel und wandel mit Mu¬

230 408 1688 119 ¬sicalien zu treiben, so wolte ich eine eigne Notendruck¬

237 493 1674 107 ¬erey in mein logement einrichten, da ich versichert wäre

246 563 1692 117 daß nicht mehr exemplaria getruckt würd, als ich das bins

246 643 1677 111 wäre verfertigen zu lasen, und wan schon drey wär, die

255 719 1685 115 sich erfrechen würden mihr meine werck nachzu drucken,

226 805 1699 98 bin versicheret, dass ich solche præcautiones nem̃en würde

232 888 1701 100 daß einem solchen daß drucken gewisslich könte vergehen. Jch

235 970 1696 94 vermeine also, daß ein solcher verlaag und neüwe Müh und ar¬

241 1046 1693 94 ¬beith in verkauffung meiner wercken mihr nicht zu zumuthen

241 1118 1690 106 wäre, da ich doch die grösere müh gehabt diese werkh auf das

268 1205 1666 93 papir zu bringen, hoffe also, daß man mich der anderen

244 1272 1696 100 Müh und sorg entheben wolte. wan also auf keine andere

250 1354 1690 96 weiß ein mittel zu ergreiffen, daß sich jemand mit mihr

248 1428 1715 107 verstehe, daß ich aufs wenigist meiner gehabten arbeith in

262 1517 1698 96 etwah könte belohnet werden mit ein accord, der nicht wi¬

253 1593 1707 89 ¬der mein Intersse lauffe, so bin ich fest resolviert, meine

250 1670 1701 108 Musicalien ehrendter in dem kasten vergrauwen zu lassen

262 1757 1674 108 alß etwaß eingehen, so mihr zur beschwerd, als nutzen seÿen

272 1833 1670 100 könte. So vill kan ich jene versicheren, der meine opera

259 1898 1695 111 über sich nemen wurde, daß bis dato in gantz teütschland kein

259 1985 1693 105 werkh ans tag liecht gekom̃en, so meine, wegen den neüwiste,

264 2052 1688 116 und rarist concept nach, heüt zu tag üblichen vortrefflich Italien¬

270 2137 1699 109 ¬ischen Music art in gleichen schritten gehet, bin auch versicheret,

266 2210 1686 112 daß man allerohrten, wer immer die wahre und fundamentale

273 2279 1658 114 musique liebet, alle armb nach selben strecken würde, sonder

279 2359 1639 119 solches nicht auß stinckenden Kumb, oder eigner einbildung,

277 2433 1710 138 sonderen mühe sage, waß hoffentlich die welt schon gnugsamb

277 2515 1686 134 hatt müssen verchen. Wan ich muss bekenen, und es wird

293 2593 1674 130 auch jederman, der mich und meine Composition gehört, ohn¬

306 2669 1657 147 ¬partheÿsch müssen sagen, daß ich, alß ein, nicht in Italien, son¬

299 2747 1679 139 ¬dern in Oberteütschland gebohrener, die Musique so hoch und weith

297 2830 1652 160 gebracht, daß ich ohngerümbter massen / dessen ich über und

1787 2910 165 87 über...
