2448 3264
186 145 1772 150 man ein vollständige schrift habe ? Wan es auch schon einige paar dutzend gulden

192 246 1828 114 kosten solle? kan dieses nicht schon ein oder daß andere werck allein widerumb

186 333 171 104 ersetzen?

393 328 1623 132 Pro 3o. müssen frd wissen, daß nicht nur meine Composizion, sondern

186 413 1812 132 der heüt zu sag übend componisth, welche einig geschmack von Italien hat, Ihre

179 505 1795 106 stuck alle also eingerichet, dan mit diser apoggiatur nötelin gibt man den besten

184 582 1781 110 und vornembsten concept d edlistd trieb, so nur kan ersinnet werden. Und

183 661 1813 115 ob dieses veranlaßet so ville vorterfliche Componisten, daß weilen bis d.o von

181 756 1831 108 den herausgegangen getrucktd musicalien noch niemahls gesehen, daß einige solche

190 845 1815 101 Nötelin zum vorschein kommen, eintweders in dem so kostbahren als theür zu er¬

183 919 1827 116 kauffenden kupferstich heraus geben, oder noth gezwung worden Jhre Composi¬

192 1002 1855 111 ¬zion weg abgang derselbn zu hinder halt. ps da doch die welt die vorterfflich¬

186 1084 1768 116 ¬ste concestt bis do schon wurde genossen hab, wan dieses gegenwertig so

188 1175 1833 107 notwendig, als höchst nützlichiste glid der not schriftt nicht abgang wäre?

262 1247 1741 114 Jch reassumiere mein erst Rhat, das man ohne anders dise hier

199 1325 1804 116 angesetzte 24 Sorte wolle machen lassen, umb so mehr, weil die heüt zu tag

197 1419 1797 111 übliche Musique weith ein anderes ansehen hat, als vor etwan 20 Jahr,

194 1508 1813 104 da dest Rhatgebers seine stümpherreÿen zu erst in diser Neüwen

203 1590 1793 118 Not schrifft heraus kommen, dan wie schon gesagt: ein rechter und die Neü¬

215 1684 1808 102 ¬weste mode, harmonios. Kunstreich-lieblich, und Conceptreich zu Compo¬

210 1766 1819 127 ¬nier practicierendter Componist kan ohnmöglich sich diser apoggiatur ent¬

224 1847 1814 115 behren ! es hatt sich in der musique seit 20 Jahren nichts anderes geenderet,

219 1929 1817 120 als das dise vorschlag Notula seind jnventiert worden, welches wohl eine

217 2007 1824 123 der ehlisten Invention ist, das jemahls in einer kunst, als wie die Musi¬

228 2094 1795 120 ¬que is, hatt können erfunden werden. Obwohl die nach der alten welt abge¬

237 2185 1793 112 ¬richtete brattis Musicant nicht vill darauf halten, wie auch die nach

228 2250 1813 143 teütsch Musicalischen Idioma riechendte compositastri, als wie ein Rhatgeber

242 2326 1778 154 Zeiler, Spies, Kopp, Munsterer, Konigsperger, Geißler, Keiser, welche

241 2409 1806 151 alle aus einem haft gemüs genossen, und aussert einigen gut gedanchen

246 2496 1841 156 in Jhre fuge und Contrapunct, Jhre Concept wohle trocken und abgeschmackt

261 2582 1786 161 ein Neüw aus der rein schul Italiens hervorgekommen componisten in das

259 2652 1775 165 gehör fallen. will aber dise getruckt Anthoribus nicht vorwerfen, daß

262 2741 1778 178 sie in Jhrem fundo nicht regel mässige Comsonisten seÿn, absonderlich

257 2843 1761 165 der Keiser dene ich der reinigkeit halber ser æstimiere, aber

270 2966 819 152 seine concept seind teütsch.

1136 2906 913 151 Übrigens / da ich an die zeitge¬

1855 3057 208 61 dencke...
