2448 3264
391 239 1844 120 selben Tag kein antwort von Jhnen über dises Schreib ein¬

377 335 1849 105 ¬lauffet, so werde ich mihr einbilden, meine Vorträg seÿen

395 429 1793 98 Jhnen gantz unanstendig, wie mihr auch nach der Hand

388 522 1842 92 unanstendig würde seyn, so ich ferneres über solche materi

388 592 1846 113 Ihnen zu schreiben solte, wan ich von Jhnen nicht mehreren

386 672 1844 124 antrib erfahren würde. Dan wan Jhnen und der hochfüstlt

388 768 1880 113 Buchtrückereÿ nicht mehr daran gelegen mit solchen ansehnlig

382 857 1871 102 werckeren Ihren neüwen Notentruckh dem publico bekant

389 941 1859 110 zu machen, alß mihr jnteresse halber daran ligget, so ist unser

388 1035 1851 101 negotiation bald am End, dan ich ambiere es nicht so vill, als

398 1111 1870 114 sie es Jhnen möchte einbilden, lasse mihr auch nichts vorschreiben

389 1196 1819 113 ss. so wenig, als ich es anderen verlange zu machen. _

378 1278 1877 116 Warumb ich Jhnen die Zeit auf Petri und Pauli limittiert, ge¬

388 1360 1829 121 ¬schichet auß dieser Ursach, daß wan sie ein, oder das andere

397 1443 1831 132 project eingehen wolten, ich ohngesaumbt die composizion

393 1528 1850 131 könte in die Ordnung bringen lassen, dan bis auf ein chate¬

389 1621 1859 139 ¬gorisches ja, oder nein werde kein Noten mehr schreiben

393 1715 1853 114 lassen. d. Verbleibe jedannoch mit aller consideratien. vid

391 1844 142 107 Orig.

620 1844 1639 161 Auf disses Schreiben und auf die in selbem bestim¬

409 1971 1859 127 ¬bte Zeit ist mihr auch widerumb kein Antworth ange¬

388 2049 1867 145 ¬langt; derowegen ich noch einmahl, und zwahr vor das aller¬

406 2130 1847 134 ¬letste Mahl an mehr gemelten Herrn Honoratum geschriben;

404 2252 406 105 wie folget.

621 2284 1634 151 Schreiben an Herren Honorat Peÿer de dato

424 2415 972 112 Lucern den 20. Julj 1746.

203 2520 2038 170 Litt.I. Nach der EüWer Wohl Ehrwürden auf Petri und

413 2627 1815 158 Pauli limitiert bedencks, und Resolutions Zeit, die würcklich

420 2727 1833 145 vor ein paar wochen verflossen, solte ich gedencken, daß sie nicht

427 2836 1808 108 mehr gesinnet wären die vorgestelte conditiones ratione

420 2908 1828 131 der meinigen musicalischen werckeren könfftig hin einzugehen

418 3010 1799 112 wan ich nicht beÿ mihr überlegget hätte, daß wegen meines

429 3088 1817 139 letstern Schreiben Ehez den P. J./ Herrn OberVogten von Rosen¬
