2448 3264
471 143 1772 145 kosten nicht bezahlt wäre, weileu ich aber aus diser

466 241 1804 125 kein profession mache; und also nur eine disretion begehret

471 315 1788 141 aus welcher ich die reis kösten nacher St Gallen vor mich,

469 398 1810 140 und meine Musicanten nebst dem diener hätte bestreiten

473 484 1800 147 können, so kombt es mihr umb so frömbdter vor, daß man mihr

469 578 1784 140 eine solche Verächtligkeit hat dörffen lasseen berichten;

480 669 1790 117 wan ich eine gelehrte, und in solchen Wissenschafften

471 759 1828 115 berümbte Persohn, wie ich wohl darft / zwahr ohngerümbts

487 843 1805 121 sagen, daß ich dar vor aller ohrten passieren wolte recht ver¬

482 922 1788 126 ¬rächtlich tractieren, und allen respect auf die seiten setzen,

485 1010 1779 116 so wolte ich es auf gleich schrott machen, alß wie dem Herr

467 1088 1689 126 Vetteren gefallen wollen, mit mihr zu tractieren. _

518 1165 1768 127 Wan ich diese begebenheit solte meinem Hr. Vetteren erzehlen,

482 1256 1784 122 ich weis, er würde in solchen Zorn erbrechen, daß wan auch der

480 1332 1822 136 Herr Vetter vors könfftig goldnen berg, und alles avantaggieus¬

476 1418 1806 141 ¬es versprechen würde, ich fürohin nicht mehr dörfte ein

485 1506 1801 153 buchstaben weplen. Daß ich eine versichnrung=schrifft be¬

489 1597 1799 151 gehre, geschichet nicht wegen demme, daß meine composizionen

489 1671 1779 160 nicht genuin, und gut seÿen, sonderen, es könte erfolgen, daß

489 1764 1823 141 dise werckh Ihnen nachgetruckt, oder sonsten vermistet.. würden;

491 1845 1810 136 Jch wünsche Jhnen Glück, wan sie bessere werck in dero ver¬

473 1920 1853 159 ¬laag könne bekommen, alß meine seind, allein biethe ich Tete, und

498 2005 1803 141 trotz allen dennen, so sich gegen mich stellen werden, dan ich will Jhnen

500 2087 1788 159 heiter probieren, daß bis dahin kein getrucktes werckh zum

502 2168 1797 162 Vorschein komme, daß beÿ 100 Schritten meine solte in verglich gezogen

504 2252 1809 143 werden. Jch bin kein Teütscher, sonder ein Italiener, aber

511 2326 1782 149 meine composizionen seind doch so eingerichtet, daß es ein jeder

520 2417 1788 143 Teütscher kan producieren; Wihr Schweitzer, die wihr beÿ denen

516 2506 1797 143 Teütschen müssen vor einfeltige Jngnoranten passieren, seied im

522 2591 1775 139 Stand alle Italienische composizion, so noch weith difficiller, als

518 2687 1786 107 meine pieces, meisterlich und engelmässig zu producieren

531 2758 1768 119 warumb solten sie Jhnen einbildente hochgelehrte Herren Teütschen

531 2845 1781 117 nicht eben mässig, und nocht weith künstlicher solche effectuieren

540 2937 1766 142 können? Jch habe mich nicht nur durch einen grossen Theil Italiens

2079 3019 229 96 berümbt
