2448 3264
168 137 1697 174 ¬zu statten; beÿ dieser ocasion hatte ich auf ein neüwes den

143 233 1719 158 discours wegen meinen musicalischen wercken moviert, allein

152 326 1684 138 da wihr also mit einander redeten, sagte S. J./ Hr OberVogt:

150 402 1721 160 er wolte mihr auch die schreiben weisen, so sie Jhme zugesant.

213 476 1678 164 Über ein kurtes brachte er 2 solche briefe; der erste laute¬

145 563 1729 151 ¬te wie schon oben gesagt, darin ein werckh unverzüglich solli¬

136 650 1740 138 ¬citiert wurde; daß andere schreiben aber ware weit artlich

134 728 1748 144 und vortrefflicher, alß daß erste, stÿlisiert. _ Wunderschön

141 814 1743 147 klingletd dise wort in meinen ohren, da sie schreibtd: "Weilen

348 901 1528 145 sie den schaden wegen meine werckh auf Jhren haben müsste,

344 991 1545 124 so wolten sie mihr vor daß erste nur 50. sage fünftzig

346 1064 1518 123 Guldten geben; dise unerwartete begeben heit

152 1151 1730 125 hatt in mihr / darfs wohl sagen / eine so entzündete Bewegung ver¬

139 1240 1739 110 ¬ursachet, daß wan durch Dissimulation selbe nicht hätten verbergen

139 1314 1757 114 könben, und die politique von meiner beÿ mihr gefassten eÿlfertig

146 1403 1736 118 resolution nicht abgehalten hätte, ich gewisslich ohngesaumbt

143 1496 1773 116 adieu beÿ S. J./ Hr. OberVogt genommen, und von selbem mich ohne

143 1584 1757 96 etwas weiters zu melden, absentiert hätte. Bitte mihr nicht

141 1671 1757 109 zu verargen, wan ich sage: Ob Sie mich dan gahr in dem concept

146 1762 1727 93 halten, als wäre ich nur ein stümpler, und laus-componist?

154 1829 1735 107 Ob es möglich, daß sie sorgen von meinen Wercken Schaden zu leÿ¬

148 1918 1761 100 ¬den? Freÿlich, wan sie mich in disem prædicat halten, so haben

152 2003 1753 104 sie gahr klug gehandlet, daß sie mihr nur 50. Gl. angetragen!

177 2079 1699 115 Allein müssten sie kürtlich wissen, daß ich ein solchen Antrag

159 2170 1710 105 im hochst grad vor einen affront aufnemme. Wan ich ein Bettler

148 2243 1736 112 wäre, und dem hel. allmosen nachlauffen müsste, so würde mich

154 2330 1751 101 ärgeren, daß man von einem so reichen und ansehnlichen, ja Reichs¬

155 2388 1736 139 fürstlichen Stüfft, mihr vor eine so unzahlbahre Arbeith und

157 2482 1757 136 kunst vollen weeckh dörffe ein stück geld antragen, darmit man

157 2569 1736 141 kaum eine prise taback auszahlen könte. Jch sage es rund

159 2643 1766 151 heraus; wan ich ein armer Meusch wäre, und aus der Musique

163 2725 1728 158 mich erhalten müsste, sie versicheret seÿn sollen, daß wan

181 2792 1723 196 sie mihr schon vor jedeß werckh 300 Thle geben wolten, ich vor

179 2883 1719 203 die Kunst, rare jnvention, müh und arbeit, und darauf gegangen

1677 3008 234 100 kosten...
