2448 3264
493 175 1770 156 nit mehr dan 30. f. bezahlen müssen, und dem authori ein

498 266 1766 154 liffern; von dessen abgang er gueth gesicheret, dan von solchem

493 355 1768 143 anthore schon mehr aus gang, und den erwünschten abgang

498 437 1790 139 gehabt; weil aber diser mein buch händler nach Augspurg

489 518 1804 142 abgereist, umb früsche waar ein zu handlen, und ein zukauf

500 603 1755 145 habe ich in der sach nichts ohne Jhne resolvieren können sonst

513 709 1398 110 er sich rechnungs halber beschwähren möchte.

618 770 1661 136 3. Haben Sie bemelt weg den vorschlägs Notulas

518 850 1752 150 so ich noch in keinem getruckt authore gesehen, wohl

522 941 1779 137 aber in den geschribenen, und in daß kupfer gestochen.

525 1015 1776 149 habe aber gleich nach Nürnberg berichtet, ob selbe zu haben

520 1098 1781 149 so ist mihr die antewort geben word, freÿlich ja, doch nit

518 1185 1790 147 mehr alß vier gattungen, so ich beÿgelegt; wan mehr in der

524 1267 1778 134 composition solten hervorkommen, so müsste man selbe erst lassen

525 1336 1787 152 in die Matrices stechen, welches ein ser grosses geldt kostete.

607 1419 1710 156 4 Halth mihr, und meinem buchhandler in etwas schwär

529 1508 1783 158 daß der Hr vetter indiscriminatim von jedem werck 100 thl for¬

544 1602 1755 135 ¬deret sambt 12 exemplarien, indiscriminatim, sage ich, da man doch

551 1686 1762 150 noch nit weisst, wie vill der hr Vetter dergleichen werckch

563 1760 1712 171 habe, und wie gross, oder klein sothane seÿen. Folglich

560 1853 1762 148 mein buchhändler in seiner rechnung provits halber villeicht

565 1967 949 112 schlecht bestehen möchte: Jtem

641 2007 1671 141 ist auch difficile, daß der Hr vetter nur von bogen zu

563 2078 1776 159 bogen die Composition lifferen wolle, und nit daß gantze werk¬

560 2161 1735 161 dan die distantia loci ist weit, der bott unrichtig, die

576 2234 1748 159 Noten in der zahl für zeweÿ bög starck, folglich würde

580 2321 1746 170 ich in der arbeith gehinderet, oder wenigist in incertum

580 2399 1766 170 undterbrochen, und würde dass werck vill köst brauchen

585 2489 1750 162 als an porto, an zeit versaumnuss p @. Jndesten muss

592 2565 1738 165 ich meinen buch händler von Augspurg erwarten, welcher aber

592 2656 1734 147 vor fasten schwerlich eintreffen wird; nebst deme ist auch noch

602 2738 1719 148 die frag, ob man alle werckh annemmen müsse zu trucken, so

614 2812 1710 163 fern man eines p 100 Thl schweitzer wehrung annemete

620 2890 1702 158 welches ich dem hr Vetter selbst nit einrathen wolte, dan die

2094 3004 230 109 officia...
