2448 3264
217 68 1821 165 berümbt gemacht, dessen ich ÿhnen schriftliche, und Mündtliche

199 159 1826 167 attestata könte vorweisen, wan es so vill daran gelegen wäre,

208 252 1830 152 sondern so wohl in einem hochfürstl Stüfft Einsidlen, Muri, Rheÿn¬

206 335 1781 143 ¬auw, Engellberg sd will von gemeiner Gotts häüser nur

199 422 1815 145 nichts melden sd allwo ich nicht nur grosse Satisfaction aller

199 498 1811 147 ohrten verschaffet, sonderen nebst demme, daß mihr unsterb¬

201 592 1782 142 ¬lich Rhumb und Ehr erworben, und ich in Toto applaudiret

194 692 1778 116 worden, man mich nirgend mit lehren Händen entlassen, umb gegen

199 761 1804 138 mich die wahre estime, die man wegen meiner Kunst traget, zu

197 874 229 85 erzeigen.

607 852 1293 127 Jch habe der Musique zu dancken, daß ich beÿ S.er

210 941 1800 112 hoch frstl Excellenz dem Hr Nuntio Apleo allhier in so confidenter

203 1022 1840 125 freündtschafft stehe, dan wan S.e Excellenz offentlich functionieren,

204 1107 1837 126 so halte ich auch grand capella, da weniger nicht, als 64. Musicanten

197 1205 1841 106 mich bedienen, welches keine Stümpler, sondern tacktvest, und regel¬

195 1280 1848 110 mäßige Subjecta seind. W der Herr Vetter wolle sich nit

199 1369 1826 117 einbilden, daß ich hier mit hoch trabenten, oder unwahrhafften

201 1456 1806 119 reden zum Vorschein komme, sie können theils sich beÿ S. J./ Hr

206 1555 1837 111 OberVogten, theils in disen Vorgenanten Prelaturen informieren

208 1646 1826 105 lassen, ob es nicht also seÿn, wie ich geschriben. _ Jch erinnere

208 1737 1775 98 mich aber, daß sie in dero ersten schreiben de dato 5. 9.bre 1745.

215 1822 1788 94 mihr selbsten meine werck kunstreiche Musicalia nennen.

366 1902 1626 98 Wan sie dises also bekennen müssen, warumb lassen sie

224 1983 1759 102 sich in sinn kommen, mit mihr so verrächtlich zu handtlen?

342 2056 1685 121 Mihr dienet indessen zur Satisfaction, daß S. J. / Hr. Ober¬

230 2156 1819 112 ¬Vogt überzeüget ist, daß meine compositionen nur zu vortrefflich

233 2237 1794 105 beÿ jnderman passieren, dan er hat sich nicht nur informiert beÿ

230 2315 1813 118 denen Musicanten, sondern hat schon eine künstliche contrapunctal

230 2397 1800 119 composizion in Festo Ss.ma Trinitatis gehört produirern, deren er an

248 2484 1786 130 S. Antoni tag noch ein schönere Instrumental Music hören wird;

242 2565 1783 140 wie auch nachste täg er zu einer accademischen versamblung von

369 2645 1627 162 mihr in mein haus wird eingeladen werden. Dise Hr. wird

244 2725 1761 167 reden müssen, ob sich ein solcher 50. Gl. wertiges Antrag mit

257 2810 1757 189 meiner besondern und raren Wissenschafft reimen könte; Jch

360 2904 1696 189 sage ohne anderes, daß ich ehneder meine musicalia der disposizion

1871 3006 179 105 deß..
