2448 3264
451 188 1808 149 darauß bezahlen könte? ps Dan an diese Reis zahlet mein

453 275 1790 145 Hr Vetter mihr nichts, er lasset mihr wohl die Freÿheit, daß

440 371 1835 140 wan Jch etwaß erhandlen kan, er wohl zu friden ist, allein

446 456 1842 153 ohne seinen, und der familie schaden, welches billich und recht

444 551 1838 145 ist. Weilen also Herr OberVogt mihr dise proposizion ge¬

440 645 1828 129 macht, so will ich zu folg diser Jhnen ein neüwes project er¬

449 728 1830 127 ¬öffnen; wan sie eß vor dero Nutzen besser werden befindten

451 806 1561 135 alß mein letsteres, so bin ich gahr wohl zu friden. _

674 888 1587 141 Wan sie mihr und den 2 Hr Caplänen, welche die 2.

449 973 1852 149 Musicanten seind nebst dem Rössler, so der Diener, die Reis¬

449 1066 1837 136 ¬kösten wollen aushalten, so declariere mich, daß vor meiner

455 1146 1827 134 Abreiß sie mihr keine Versicherungs schrifft müssen zu

462 1231 1835 139 senden, sonderen ich werde auf die jenige Zeit, in welcher

458 1312 1826 138 Se Ex.z der Hr Nuntius auf die Mission nacher St. Gallen, und

466 1398 1836 152 hernacher in Grauw Püntden verreisen wird, hinauß kommen.

462 1476 1844 165 Wan meine musicalia werde ich absolutè nicht senden, sondern

469 1573 1833 147 sie müssen in meiner Gegenwart vor Jhnen probiert, und

467 1653 1823 158 approbiert werden./ Wan sie also mich im hinaus und zu

484 1746 1813 156 rück reisen, wie auch in allen Trinckgelderen, accidentien,

478 1831 1815 156 und Regallien wollen freÿ und franco halten, so will ich Jhnen

484 1911 1828 168 beÿleüffig sagen, waß eine solche Reis kosten kan, die doch

487 2007 1823 147 nicht herrisch, und stand-mässig, sonderen kaufmännisch

491 2070 1790 167 eingerichtet, also der Preis noch nicht so hoch laufet,

489 2166 1846 147 alß wan mich nach meinem stand auf der Reis nebst meiner

484 2246 1802 156 Suite wolte tractieren lassen. Jch habe gestern mit meinem

505 2326 1834 170 Rössler, der mich auf allen reisen bedienet, und mihr mehr

504 2404 1808 165 gefallen erweiset, als daß er fast thun kan, besprochen,

498 2482 1812 172 und Jhne gefragt: waß er verlangen würde, nebst dem

505 2569 1830 170 Rosslohn mich mit 4. Pferdt, in 2 Tagen und ein halben hinaus

513 2665 1828 152 und in 2 Tagen und ein halben nacher haus zuführen? So rechnete

513 2752 1804 145 er es mihr also wohl aus, daß wan wihr nur mercantilisch

529 2839 1786 138 leben wolten, beÿ diesen theüren Zeiten, alle tag wihr 20

529 2917 1810 151 gl. verzehren würden; welches im hinaus und zu Rückreis

547 3017 1795 154 so in toto 3. Tag aus machen / eine Summa von NB 100 Gl aus¬

2088 3117 234 108 ¬traget
