2448 3264
204 181 1725 103 ¬dortig grossen orgel einzunemen, welche hatt müssen

204 261 1729 107 repatiert werden, beÿ dieser gelegenheit habe ich mit hoch

201 346 1751 100 dem selben auch über disen mein gefassten schluss, meine

201 420 1742 109 compositions trucken zu lassen, longe et late discouriert,

210 502 1730 110 und S. Gd gefraget: ob dieselben nicht wissten, wo mich

208 571 1735 116 addresieren könte, daß besagte meine musicalia zum

212 658 1735 107 truck möchten gebracht werden? Der Gde Herr antwor¬

221 725 1721 123 ¬tete: daß Er mich an den buchhändler Broller zu Ulm ad¬

226 805 1721 139 ¬dressieren wolte, allein werde dieser kein geld, sonderen

230 892 1703 128 auch nur exemplaria accordiern; welchen Concept mihr¬

228 970 1703 128 abermahlen nicht gefallen wolte; derenthalben, da

228 1051 1730 131 ich erfahren müsste, daß alleß nachschlag vergebens,

226 1133 1750 123 und ich meins zweck nicht erreichen könte, habe ich

239 1207 1721 123 das drucken lassen, völlig aus dem sinn fliegen

242 1327 274 87 lassen.

587 1283 1384 115 Indeme ich aber zum wenigsten daran

248 1361 1728 142 gedachte, kam̃e ein schreiben von R. P. Honorato Peÿer

250 1450 1737 136 hochfstl buch truckerey Directoren zu St. Gallen, welcher

246 1528 1714 136 meiner zu Rheÿnauw geöffnete jntention halber beÿ

246 1610 1743 139 letsteren Benedictinisch Congregation von den herrn von

253 1697 1734 143 Rheÿnauw ist benachrichtiget worden, wie aus folgen¬

264 1773 1703 141 ¬de schreiben zu vernem̃en, welcheß alles ich auß liebe

270 1851 1735 149 zu meiner nachkom̃enschafft mit grosser müh und fleis

268 1927 1762 140 authentisch habe zu samen schreiben lassen, damit sie gnugsam

273 2007 1743 143 underrichtet, und alleß desen beÿ etwanige vorfallenden

275 2098 1706 134 conjuncturen informiert seÿen, so meine Nachkömbliche

273 2174 1703 141 vor schaden hütten, und selben zu nutzen gereichen wird.

616 2288 1264 176 Schreiben des R. P. Honorati Peÿers.

295 2391 1734 178 Hochfrstl St. Gallisch buchtruckereÿ Directoris de da¬

315 2544 468 96 ¬to. 5. Nov. 1745..

946 2545 370 176 An Mich.

469 2703 1765 196 Ich hab verwichene zeit von den allhier gewesten hr Patri¬   litt A.

348 2821 1708 160 ¬bus von Rheÿnauw vernommen, wie der hoch geherte hr. gesinet

1882 2892 177 100 seÿe....
