<?xml version="1.0" encoding="UTF-8"?>
<alto xmlns:xsi="http://www.w3.org/2001/XMLSchema-instance"
      xmlns="http://www.loc.gov/standards/alto/ns-v4#"
      xsi:schemaLocation="http://www.loc.gov/standards/alto/ns-v4# http://www.loc.gov/standards/alto/v4/alto-4-2.xsd">
  <Description>
    <MeasurementUnit>pixel</MeasurementUnit>
    <sourceImageInformation>
      <fileName>P1120129.JPG</fileName>
    </sourceImageInformation>
  </Description>
  <Tags>
    <OtherTag ID="BT7" LABEL="CustomZone" DESCRIPTION="block type CustomZone"/><OtherTag ID="BT8" LABEL="DamageZone" DESCRIPTION="block type DamageZone"/><OtherTag ID="BT9" LABEL="DigitizationArtefactZone" DESCRIPTION="block type DigitizationArtefactZone"/><OtherTag ID="BT10" LABEL="DropCapitalZone" DESCRIPTION="block type DropCapitalZone"/><OtherTag ID="BT11" LABEL="GraphicZone" DESCRIPTION="block type GraphicZone"/><OtherTag ID="BT12" LABEL="MainZone" DESCRIPTION="block type MainZone"/><OtherTag ID="BT13" LABEL="MarginTextZone" DESCRIPTION="block type MarginTextZone"/><OtherTag ID="BT14" LABEL="MusicZone" DESCRIPTION="block type MusicZone"/><OtherTag ID="BT15" LABEL="NumberingZone" DESCRIPTION="block type NumberingZone"/><OtherTag ID="BT17" LABEL="QuireMarksZone" DESCRIPTION="block type QuireMarksZone"/><OtherTag ID="BT18" LABEL="RunningTitleZone" DESCRIPTION="block type RunningTitleZone"/><OtherTag ID="BT19" LABEL="SealZone" DESCRIPTION="block type SealZone"/><OtherTag ID="BT20" LABEL="StampZone" DESCRIPTION="block type StampZone"/><OtherTag ID="BT21" LABEL="TableZone" DESCRIPTION="block type TableZone"/><OtherTag ID="BT22" LABEL="TitlePageZone" DESCRIPTION="block type TitlePageZone"/>
    <OtherTag ID="LT7" LABEL="CustomLine" DESCRIPTION="line type CustomLine"/><OtherTag ID="LT8" LABEL="DefaultLine" DESCRIPTION="line type DefaultLine"/><OtherTag ID="LT9" LABEL="DropCapitalLine" DESCRIPTION="line type DropCapitalLine"/><OtherTag ID="LT10" LABEL="HeadingLine" DESCRIPTION="line type HeadingLine"/><OtherTag ID="LT11" LABEL="InterlinearLine" DESCRIPTION="line type InterlinearLine"/><OtherTag ID="LT12" LABEL="MusicLine" DESCRIPTION="line type MusicLine"/><OtherTag ID="LT361" LABEL="default" DESCRIPTION="line type default"/>
  </Tags>
  <Layout>
    <Page WIDTH="2448"
          HEIGHT="3264"
          PHYSICAL_IMG_NR="21"
          ID="eSc_dummypage_">
      <PrintSpace HPOS="0"
                  VPOS="0"
                  WIDTH="2448"
                  HEIGHT="3264">
        <TextBlock ID="eSc_dummyblock_">
          <TextLine ID="eSc_line_be3b9103"
                    TAGREFS="LT361"
                    BASELINE="213 344 464 331 1196 346 1905 340" 
                    HPOS="213"
                    VPOS="277"
                    WIDTH="1692"
                    HEIGHT="105">
            <Shape><Polygon POINTS="1898 301 1880 297 1862 295 1844 293 1827 291 1806 297 1800 297 1797 297 1768 284 1753 282 1738 281 1492 291 1434 281 1432 281 1430 281 1428 281 1403 295 1398 299 1372 295 1323 290 1321 290 1218 295 1184 297 1169 295 1060 279 1058 279 1057 279 1026 295 1022 297 1020 295 990 281 988 281 986 281 984 281 942 295 935 299 879 299 874 295 850 281 848 281 846 281 845 281 843 281 801 295 794 297 786 295 728 277 727 277 725 277 631 295 623 295 583 295 511 293 480 277 478 277 437 277 435 277 433 277 393 295 389 295 388 295 333 277 331 277 330 277 228 291 213 306 213 344 213 371 672 357 709 369 728 377 730 377 732 377 790 369 864 359 903 368 913 371 915 371 917 371 946 368 982 364 990 368 1006 377 1008 377 1010 377 1066 368 1100 362 1115 368 1142 378 1144 378 1146 378 1267 366 1298 364 1305 366 1330 377 1332 377 1334 377 1508 368 1548 380 1550 380 1552 382 1664 382 1664 380 1666 380 1717 364 1722 362 1728 364 1760 380 1762 380 1764 382 1826 382 1826 380 1827 380 1869 364 1878 360 1902 362 1905 340 1904 301 1898 301"/></Shape>
	    <String CONTENT="also solte genemiget werden, so werde mich des mehren"
                    HPOS="213"
                    VPOS="277"
                    WIDTH="1692"
                    HEIGHT="105"></String>
          </TextLine>
          <TextLine ID="eSc_line_67168492"
                    TAGREFS="LT361"
                    BASELINE="213 422 765 413 1894 424" 
                    HPOS="213"
                    VPOS="355"
                    WIDTH="1681"
                    HEIGHT="105">
            <Shape><Polygon POINTS="213 422 213 447 315 437 342 447 360 455 362 455 364 456 482 456 482 455 484 455 498 447 522 435 698 435 712 444 714 444 716 444 718 444 792 440 803 446 826 456 828 456 1129 458 1131 458 1133 458 1178 444 1247 449 1249 449 1283 442 1303 438 1318 442 1370 458 1372 458 1374 460 1434 460 1434 458 1436 458 1466 442 1472 440 1719 440 1720 440 1758 458 1760 458 1762 458 1893 438 1894 424 1893 391 1769 373 1768 373 1766 373 1708 389 1706 391 1583 391 1577 389 1535 378 1534 378 1532 378 1445 388 1418 377 1416 377 1414 377 1358 386 1309 369 1307 369 1305 369 1227 384 1127 373 1126 373 1124 373 1086 388 1042 388 1020 388 1020 386 981 360 979 360 977 360 975 360 877 373 803 357 801 357 799 357 736 386 734 386 732 386 645 355 643 355 641 355 346 360 344 360 264 384 213 384 213 422"/></Shape>
	    <String CONTENT="mit Mhhr Vetter verstehen, erwarte also eine gute ant¬"
                    HPOS="213"
                    VPOS="355"
                    WIDTH="1681"
                    HEIGHT="105"></String>
          </TextLine>
          <TextLine ID="eSc_line_8b654726"
                    TAGREFS="LT361"
                    BASELINE="210 500 489 487 719 487 1938 507" 
                    HPOS="208"
                    VPOS="431"
                    WIDTH="1730"
                    HEIGHT="122">
            <Shape><Polygon POINTS="210 500 208 513 308 527 310 527 391 516 417 513 495 516 607 524 609 524 674 520 719 516 732 520 781 536 783 536 950 540 952 540 953 540 1010 524 1022 520 1082 524 1311 542 1312 542 1314 542 1352 527 1363 524 1376 527 1399 534 1401 534 1403 534 1470 529 1510 525 1519 529 1550 544 1552 544 1655 549 1657 551 1715 551 1715 549 1717 549 1762 533 1773 529 1815 529 1820 533 1855 551 1856 551 1858 553 1911 553 1911 551 1913 551 1914 551 1936 534 1938 507 1938 453 1702 447 1700 447 1670 451 1626 458 1612 451 1606 449 1604 449 1602 449 1601 449 1593 451 1555 467 1492 453 1490 453 1488 453 1457 467 1376 467 1283 451 1233 444 1231 444 1229 444 1227 444 1216 451 1196 464 1102 464 1039 462 1004 451 952 437 950 437 948 437 946 437 917 451 915 451 910 451 808 437 806 437 805 437 772 451 757 458 710 458 696 451 658 433 656 433 654 433 549 440 527 431 525 431 524 431 522 431 471 451 462 453 453 451 431 444 429 444 427 444 426 444 402 451 393 453 388 451 351 433 349 433 348 433 346 433 290 451 284 451 210 451 210 500"/></Shape>
	    <String CONTENT="¬wort; und bitte anbeÿ, daß sie aus meiner obigen beschreibung"
                    HPOS="208"
                    VPOS="431"
                    WIDTH="1730"
                    HEIGHT="122"></String>
          </TextLine>
          <TextLine ID="eSc_line_c3a96682"
                    TAGREFS="LT361"
                    BASELINE="213 576 837 571 1913 580" 
                    HPOS="213"
                    VPOS="520"
                    WIDTH="1700"
                    HEIGHT="94">
            <Shape><Polygon POINTS="213 576 215 605 235 596 252 605 253 607 255 607 257 607 259 609 395 609 395 607 397 607 398 607 438 589 553 589 592 607 596 609 598 609 600 611 647 611 647 609 649 609 654 607 718 591 796 602 797 602 897 591 977 609 981 609 982 609 986 609 1075 596 1155 598 1173 611 1175 611 1176 611 1178 611 1180 611 1182 611 1216 596 1258 605 1260 605 1262 605 1289 594 1307 602 1309 602 1311 602 1312 602 1314 602 1329 592 1454 592 1528 612 1534 612 1535 612 1537 614 1657 614 1657 612 1661 612 1711 600 1728 611 1729 611 1731 611 1733 611 1793 600 1824 612 1826 612 1827 614 1911 614 1913 580 1911 545 1845 544 1816 527 1815 527 1813 527 1755 536 1729 525 1728 525 1726 525 1724 525 1668 544 1666 544 1320 544 1320 542 1282 524 1280 524 1278 524 1167 525 1165 525 1124 540 1082 524 1080 524 1078 524 1000 540 897 529 895 529 808 540 781 522 779 522 777 522 721 522 719 522 718 522 680 538 621 522 620 522 618 522 616 522 614 522 589 538 516 538 466 520 464 520 330 520 328 520 213 538 213 576"/></Shape>
	    <String CONTENT="nichts ferners publicieren wollen, dan meine opera verlangen"
                    HPOS="213"
                    VPOS="520"
                    WIDTH="1700"
                    HEIGHT="94"></String>
          </TextLine>
          <TextLine ID="eSc_line_8c5a2503"
                    TAGREFS="LT361"
                    BASELINE="208 656 583 647 1907 654" 
                    HPOS="206"
                    VPOS="592"
                    WIDTH="1701"
                    HEIGHT="102">
            <Shape><Polygon POINTS="208 656 206 687 268 689 270 689 272 689 273 689 273 687 297 672 342 687 344 687 346 687 349 687 418 672 442 687 444 689 446 689 447 689 449 689 522 687 524 687 525 687 565 672 696 672 721 685 723 685 783 687 785 687 786 687 794 685 826 674 1048 674 1091 683 1124 690 1126 690 1164 683 1209 674 1234 683 1256 690 1258 690 1260 692 1323 692 1323 690 1325 690 1349 683 1369 676 1436 678 1441 681 1457 692 1459 692 1461 692 1463 694 1604 694 1604 692 1606 692 1633 681 1677 692 1679 692 1680 692 1764 680 1775 680 1786 680 1878 692 1880 692 1882 692 1905 680 1907 654 1905 612 1855 612 1855 611 1822 596 1820 596 1818 596 1722 611 1711 612 1572 612 1564 609 1534 596 1532 596 1530 596 1528 596 1505 609 1499 611 1474 607 1407 600 1405 600 1403 600 1383 607 1379 609 1376 607 1356 594 1354 594 1352 594 1350 594 1349 594 1325 607 1320 609 1307 607 1249 594 1151 594 1149 594 1147 594 1126 605 1124 605 1118 605 1058 594 1057 594 1055 594 1037 603 1028 609 999 603 942 594 941 594 939 594 913 603 895 611 828 611 814 602 796 592 794 592 650 592 649 592 647 592 632 602 621 607 571 607 525 600 500 596 498 596 482 600 455 605 346 598 304 596 302 596 301 596 299 596 297 598 282 607 208 598 208 656"/></Shape>
	    <String CONTENT="dises nicht, indem sie den vortheil haben, daß sie selbsten"
                    HPOS="206"
                    VPOS="592"
                    WIDTH="1701"
                    HEIGHT="102"></String>
          </TextLine>
          <TextLine ID="eSc_line_a6e02486"
                    TAGREFS="LT361"
                    BASELINE="210 730 1916 734" 
                    HPOS="210"
                    VPOS="672"
                    WIDTH="1706"
                    HEIGHT="102">
            <Shape><Polygon POINTS="210 730 210 759 340 756 349 761 355 765 357 765 359 765 360 765 413 761 507 752 556 761 582 765 583 765 607 761 654 752 757 761 770 761 772 761 777 761 826 752 843 761 857 770 859 770 861 770 863 772 957 772 957 770 959 770 979 761 999 752 1060 761 1066 761 1068 761 1075 761 1138 754 1149 761 1151 763 1153 763 1155 763 1156 763 1158 763 1164 761 1182 754 1202 761 1233 772 1234 772 1236 772 1318 761 1325 761 1330 761 1383 772 1385 772 1387 772 1407 761 1416 757 1430 761 1466 772 1468 772 1470 774 1555 774 1555 772 1557 772 1583 761 1593 757 1702 757 1713 761 1749 772 1751 772 1753 772 1914 761 1916 734 1914 692 1768 674 1709 674 1708 674 1706 674 1666 690 1635 690 1564 690 1526 674 1525 674 1332 674 1330 674 1329 674 1296 689 1207 674 1205 674 1204 674 1162 689 1120 676 1118 676 1117 676 1115 676 1088 690 1086 690 903 690 903 689 864 672 863 672 861 672 801 683 741 672 739 672 738 672 701 687 650 672 649 672 647 672 645 672 643 672 620 689 585 678 583 678 582 678 580 678 578 678 560 689 558 690 462 690 460 689 429 672 427 672 426 672 424 672 382 685 355 672 353 672 302 672 301 672 299 672 268 689 266 689 210 689 210 730"/></Shape>
	    <String CONTENT="reden können; verbleibe also mit aller gebührend veneration s po."
                    HPOS="210"
                    VPOS="672"
                    WIDTH="1706"
                    HEIGHT="102"></String>
          </TextLine>
          <TextLine ID="eSc_line_efd6015a"
                    TAGREFS="LT361"
                    BASELINE="337 806 1646 810" 
                    HPOS="335"
                    VPOS="747"
                    WIDTH="1311"
                    HEIGHT="99">
            <Shape><Polygon POINTS="337 806 335 834 411 843 413 843 415 843 417 843 426 834 435 828 511 828 518 834 527 841 527 843 529 843 531 843 533 843 534 843 536 843 549 834 553 832 573 834 643 843 645 843 647 843 665 834 672 830 678 834 698 843 699 843 701 843 765 834 803 828 941 828 957 834 995 845 997 845 999 845 1000 845 1048 832 1060 830 1086 832 1193 845 1194 845 1334 832 1358 830 1361 832 1374 843 1374 845 1376 845 1378 845 1379 846 1450 846 1450 845 1515 832 1523 830 1530 832 1575 845 1577 845 1579 845 1581 845 1583 845 1599 832 1601 830 1642 830 1646 810 1642 750 1503 768 1436 768 1398 750 1396 750 1394 750 1392 750 1367 761 1307 752 1305 752 1303 752 1301 752 1283 768 1191 768 1127 750 1126 750 1124 750 1122 750 1120 750 1104 765 1088 754 1086 754 1084 754 1082 754 1080 754 1078 754 1078 756 1064 768 1029 768 991 748 990 748 988 748 986 748 939 765 850 754 848 754 743 765 709 748 707 748 705 748 629 763 611 748 609 748 607 748 605 748 495 759 482 748 480 748 478 748 337 747 337 806"/></Shape>
	    <String CONTENT="die adrese, wan beliebet, wird also gestelt."
                    HPOS="335"
                    VPOS="747"
                    WIDTH="1311"
                    HEIGHT="99"
                    WC="0.9545453089204702"></String>
          </TextLine>
          <TextLine ID="eSc_line_5522e2f1"
                    TAGREFS="LT361"
                    BASELINE="1236 881 1604 881" 
                    HPOS="1236"
                    VPOS="826"
                    WIDTH="368"
                    HEIGHT="82">
            <Shape><Polygon POINTS="1236 881 1236 908 1604 903 1604 881 1602 841 1421 846 1416 845 1374 826 1372 826 1370 826 1300 835 1276 826 1274 826 1272 826 1271 826 1236 845 1236 881"/></Shape>
	    <String CONTENT="a Monsieur"
                    HPOS="1236"
                    VPOS="826"
                    WIDTH="368"
                    HEIGHT="82"></String>
          </TextLine>
          <TextLine ID="eSc_line_fc77fd76"
                    TAGREFS="LT361"
                    BASELINE="420 959 1162 970 1793 955" 
                    HPOS="418"
                    VPOS="893"
                    WIDTH="1375"
                    HEIGHT="109">
            <Shape><Polygon POINTS="420 959 420 982 460 991 462 991 464 991 489 984 496 982 794 982 808 986 852 1000 854 1000 855 1002 933 1002 933 1000 935 1000 959 988 961 988 990 988 1160 995 1162 995 1164 995 1180 990 1202 982 1216 990 1233 1000 1234 1000 1236 1000 1238 1002 1389 1002 1389 1000 1427 991 1470 982 1532 993 1577 1000 1579 1000 1642 995 1751 982 1787 995 1793 955 1789 897 1719 893 1717 893 1715 893 1704 897 1653 915 1617 899 1606 893 1604 893 1602 893 1523 895 1521 895 1519 895 1515 899 1492 915 1403 901 1367 895 1365 895 1363 895 1343 901 1312 910 1260 903 1245 901 1243 901 1242 901 1240 901 1238 903 1220 917 1006 917 968 906 921 893 919 893 917 893 915 893 886 906 868 915 855 906 835 893 834 893 832 893 830 893 828 893 785 908 759 915 727 908 674 897 672 897 670 897 669 897 656 906 598 903 596 903 594 903 592 903 582 910 574 915 563 910 527 893 525 893 446 893 444 893 442 893 440 893 418 908 420 959"/></Shape>
	    <String CONTENT="Monsieur le Lieutenant Meÿer de Schauensee"
                    HPOS="418"
                    VPOS="893"
                    WIDTH="1375"
                    HEIGHT="109"></String>
          </TextLine>
          <TextLine ID="eSc_line_9230c5d2"
                    TAGREFS="LT361"
                    BASELINE="393 1046 1004 1051 1760 1039" 
                    HPOS="391"
                    VPOS="982"
                    WIDTH="1369"
                    HEIGHT="104">
            <Shape><Polygon POINTS="393 1046 393 1071 446 1071 447 1073 464 1086 466 1086 467 1086 469 1086 616 1073 663 1069 680 1073 705 1080 707 1080 709 1080 710 1080 712 1080 719 1073 725 1069 739 1073 763 1080 765 1080 767 1080 768 1080 788 1073 803 1069 819 1073 854 1084 855 1084 857 1084 859 1084 890 1075 893 1073 899 1075 928 1084 930 1084 932 1084 933 1084 957 1075 975 1068 1187 1069 1193 1075 1200 1082 1202 1082 1204 1082 1205 1082 1269 1075 1360 1066 1447 1077 1483 1080 1485 1080 1486 1080 1497 1077 1535 1064 1590 1077 1599 1078 1601 1078 1760 1077 1760 1039 1755 1004 1670 1004 1666 1002 1641 982 1639 982 1637 982 1635 982 1532 999 1492 982 1490 982 1488 982 1427 984 1425 984 1392 1000 1381 1008 1265 1008 1247 1000 1209 986 1207 986 1158 986 1156 986 1155 986 1153 986 1135 999 1122 1010 1098 1010 1086 999 1071 986 1069 986 1068 986 1066 986 1064 986 1039 999 1020 1008 981 999 966 995 964 995 962 995 957 999 937 1010 922 1000 921 1000 919 1000 917 1000 915 1000 913 1000 899 1010 786 1010 763 997 759 995 757 995 756 995 754 995 748 997 714 1008 692 997 676 988 674 988 672 988 592 990 591 990 589 990 580 995 562 1006 525 1002 524 1002 522 1002 520 1002 504 1011 476 1011 456 995 451 990 449 990 447 990 446 990 391 993 393 1046"/></Shape>
	    <String CONTENT="du grand conseil de la Souvrain Republique"
                    HPOS="391"
                    VPOS="982"
                    WIDTH="1369"
                    HEIGHT="104"
                    WC="0.9978679901077634"></String>
          </TextLine>
          <TextLine ID="eSc_line_1c34d22f"
                    TAGREFS="LT361"
                    BASELINE="408 1113 670 1120" 
                    HPOS="406"
                    VPOS="1060"
                    WIDTH="264"
                    HEIGHT="89">
            <Shape><Polygon POINTS="408 1113 406 1131 667 1149 670 1120 669 1080 616 1088 603 1075 598 1069 598 1068 596 1068 594 1068 592 1068 563 1071 485 1084 458 1064 458 1062 456 1062 455 1062 408 1060 408 1113"/></Shape>
	    <String CONTENT="de et à"
                    HPOS="406"
                    VPOS="1060"
                    WIDTH="264"
                    HEIGHT="89"
                    WC="0.9995262111936297"></String>
          </TextLine>
          <TextLine ID="eSc_line_a4af1d25"
                    TAGREFS="LT361"
                    BASELINE="1233 1176 1581 1167" 
                    HPOS="1231"
                    VPOS="1126"
                    WIDTH="350"
                    HEIGHT="59">
            <Shape><Polygon POINTS="1233 1176 1233 1185 1579 1185 1581 1167 1577 1136 1496 1127 1494 1127 1492 1127 1490 1127 1476 1136 1441 1126 1439 1126 1437 1126 1231 1140 1233 1176"/></Shape>
	    <String CONTENT="Lucerne."
                    HPOS="1231"
                    VPOS="1126"
                    WIDTH="350"
                    HEIGHT="59"></String>
          </TextLine>
          <TextLine ID="eSc_line_0c3589e5"
                    TAGREFS="LT361"
                    BASELINE="647 1390 1010 1394" 
                    HPOS="645"
                    VPOS="1285"
                    WIDTH="365"
                    HEIGHT="149">
            <Shape><Polygon POINTS="647 1390 645 1428 767 1410 776 1418 776 1419 777 1419 779 1419 781 1419 783 1419 808 1410 846 1421 848 1421 850 1421 915 1416 932 1430 933 1432 933 1434 935 1434 937 1434 939 1434 1008 1430 1010 1394 1006 1294 984 1303 950 1294 922 1287 921 1287 919 1287 917 1287 915 1287 908 1294 884 1312 837 1312 816 1294 816 1292 814 1292 812 1292 810 1292 808 1292 803 1294 792 1298 786 1294 779 1289 777 1289 776 1289 774 1289 772 1289 770 1289 765 1294 743 1311 707 1311 690 1294 683 1287 683 1285 681 1285 680 1285 678 1285 676 1285 647 1292 647 1390"/></Shape>
	    <String CONTENT="Schreiben dess"
                    HPOS="645"
                    VPOS="1285"
                    WIDTH="365"
                    HEIGHT="149"></String>
          </TextLine>
          <TextLine ID="eSc_line_ed16395e"
                    TAGREFS="LT361"
                    BASELINE="1049 1394 1784 1398" 
                    HPOS="1048"
                    VPOS="1291"
                    WIDTH="736"
                    HEIGHT="137">
            <Shape><Polygon POINTS="1049 1394 1048 1412 1115 1425 1117 1425 1118 1425 1162 1414 1164 1414 1311 1414 1312 1414 1329 1425 1330 1425 1332 1425 1334 1425 1336 1425 1358 1414 1363 1414 1443 1425 1445 1425 1526 1416 1559 1427 1561 1427 1563 1428 1766 1428 1766 1427 1768 1427 1769 1427 1782 1416 1784 1398 1782 1329 1728 1329 1726 1327 1695 1307 1693 1307 1691 1307 1690 1307 1688 1307 1646 1325 1642 1327 1639 1325 1608 1316 1606 1316 1604 1316 1515 1321 1483 1294 1483 1292 1481 1292 1479 1292 1416 1291 1296 1291 1294 1291 1292 1291 1291 1291 1256 1320 1249 1325 1158 1321 1155 1318 1118 1291 1117 1291 1115 1291 1084 1291 1082 1291 1080 1291 1078 1291 1049 1311 1049 1394"/></Shape>
	    <String CONTENT="Herren P. Honorati"
                    HPOS="1048"
                    VPOS="1291"
                    WIDTH="736"
                    HEIGHT="137"></String>
          </TextLine>
          <TextLine ID="eSc_line_ed44a829"
                    TAGREFS="LT361"
                    BASELINE="1838 1398 1922 1399" 
                    HPOS="1835"
                    VPOS="1316"
                    WIDTH="87"
                    HEIGHT="156">
            <Shape><Polygon POINTS="1838 1398 1835 1470 1856 1472 1858 1472 1860 1472 1862 1472 1862 1470 1880 1456 1894 1441 1920 1441 1922 1399 1922 1330 1838 1316 1838 1398"/></Shape>
	    <String CONTENT="Peÿ¬"
                    HPOS="1835"
                    VPOS="1316"
                    WIDTH="87"
                    HEIGHT="156"></String>
          </TextLine>
          <TextLine ID="eSc_line_c026782c"
                    TAGREFS="LT361"
                    BASELINE="241 1494 687 1485 1423 1486" 
                    HPOS="241"
                    VPOS="1423"
                    WIDTH="1182"
                    HEIGHT="131">
            <Shape><Polygon POINTS="311 1445 293 1452 275 1459 257 1465 252 1466 241 1494 241 1526 313 1525 324 1530 364 1552 366 1552 368 1554 435 1554 435 1552 437 1552 438 1552 462 1537 505 1552 507 1552 509 1554 709 1554 709 1552 710 1552 756 1539 812 1543 814 1543 816 1543 817 1543 828 1534 845 1523 884 1535 904 1541 906 1541 908 1541 910 1541 912 1541 921 1535 944 1523 1057 1523 1136 1537 1151 1539 1153 1539 1155 1539 1160 1537 1200 1523 1224 1537 1224 1539 1225 1539 1227 1539 1229 1539 1238 1537 1272 1532 1287 1539 1300 1544 1301 1544 1303 1544 1305 1544 1327 1539 1369 1528 1419 1539 1423 1486 1419 1436 1289 1445 1276 1437 1258 1423 1256 1423 1254 1423 1253 1423 1149 1425 1147 1425 1146 1425 1146 1427 1131 1439 1126 1443 1106 1439 1078 1436 1077 1436 1075 1436 1060 1441 1048 1445 1039 1441 1002 1425 1000 1425 999 1425 997 1425 995 1425 975 1441 964 1452 884 1452 870 1443 837 1427 835 1427 834 1427 832 1427 830 1427 819 1436 772 1425 770 1425 768 1425 767 1425 736 1445 727 1452 701 1447 678 1441 676 1441 674 1441 661 1447 647 1454 489 1454 485 1450 460 1428 460 1427 458 1427 456 1427 411 1427 409 1427 408 1427 406 1427 368 1450 330 1439 311 1445"/></Shape>
	    <String CONTENT="¬eren de dato St. Gallen, den 17. Nov. 1745"
                    HPOS="241"
                    VPOS="1423"
                    WIDTH="1182"
                    HEIGHT="131"></String>
          </TextLine>
          <TextLine ID="eSc_line_d66fc83d"
                    TAGREFS="LT361"
                    BASELINE="828 1602 1194 1602" 
                    HPOS="828"
                    VPOS="1514"
                    WIDTH="366"
                    HEIGHT="136">
            <Shape><Polygon POINTS="828 1624 897 1624 904 1628 917 1637 919 1637 921 1637 922 1637 924 1637 926 1637 937 1630 942 1626 948 1632 959 1641 961 1641 962 1641 964 1641 999 1635 1048 1624 1077 1639 1097 1650 1098 1650 1100 1650 1194 1646 1194 1602 1191 1514 1144 1530 1127 1517 1126 1517 1124 1517 1122 1517 1082 1525 1058 1514 1057 1514 1055 1514 1053 1514 1051 1514 1049 1514 1049 1515 1037 1525 1008 1515 1002 1514 1000 1514 999 1514 997 1514 995 1514 993 1515 964 1535 903 1535 883 1523 881 1523 879 1523 877 1523 875 1523 874 1523 863 1530 830 1517 828 1602 828 1624"/></Shape>
	    <String CONTENT="An Mich."
                    HPOS="828"
                    VPOS="1514"
                    WIDTH="366"
                    HEIGHT="136"></String>
          </TextLine>
          <TextLine ID="eSc_line_91bfffc1"
                    TAGREFS="LT361"
                    BASELINE="545 1757 1952 1753" 
                    HPOS="544"
                    VPOS="1666"
                    WIDTH="1408"
                    HEIGHT="134">
            <Shape><Polygon POINTS="545 1757 545 1780 629 1797 631 1797 703 1789 719 1800 721 1800 723 1800 725 1800 805 1782 874 1797 875 1797 877 1797 906 1780 919 1789 921 1789 922 1789 924 1789 982 1780 986 1780 991 1780 1202 1795 1204 1795 1205 1795 1207 1795 1229 1780 1303 1787 1305 1787 1307 1787 1330 1778 1332 1778 1334 1778 1372 1798 1374 1798 1376 1798 1439 1784 1468 1798 1470 1798 1472 1800 1641 1800 1641 1798 1642 1798 1644 1798 1677 1778 1679 1778 1740 1787 1742 1787 1951 1777 1952 1753 1949 1706 1844 1702 1778 1670 1777 1670 1775 1670 1773 1670 1771 1670 1738 1693 1682 1673 1680 1673 1679 1673 1677 1673 1675 1673 1624 1706 1577 1706 1519 1679 1517 1679 1515 1679 1514 1679 1490 1690 1445 1666 1443 1666 1441 1666 1439 1666 1379 1686 1334 1666 1332 1666 1249 1666 1247 1666 1153 1668 1151 1668 1149 1668 1111 1699 1055 1673 1053 1673 1051 1673 1049 1673 984 1708 714 1708 672 1680 670 1680 669 1680 667 1680 544 1708 545 1757"/></Shape>
	    <String CONTENT="Es ist gar zu vill, das der hoch g Herr Vetter"
                    HPOS="544"
                    VPOS="1666"
                    WIDTH="1408"
                    HEIGHT="134"></String>
          </TextLine>
          <TextLine ID="eSc_line_050890c8"
                    TAGREFS="LT361"
                    BASELINE="1980 1753 2161 1749" 
                    HPOS="1978"
                    VPOS="1695"
                    WIDTH="183"
                    HEIGHT="87">
            <Shape><Polygon POINTS="2148 1717 2121 1706 2119 1706 2117 1706 2116 1706 2090 1719 2052 1695 2050 1695 2049 1695 2012 1695 2010 1695 2009 1695 2007 1695 1978 1719 1980 1753 1980 1769 2159 1782 2161 1749 2159 1740 2148 1717"/></Shape>
	    <String CONTENT="litt. C."
                    HPOS="1978"
                    VPOS="1695"
                    WIDTH="183"
                    HEIGHT="87"></String>
          </TextLine>
          <TextLine ID="eSc_line_7c171647"
                    TAGREFS="LT361"
                    BASELINE="246 1845 874 1849 1938 1831" 
                    HPOS="244"
                    VPOS="1778"
                    WIDTH="1694"
                    HEIGHT="109">
            <Shape><Polygon POINTS="246 1845 246 1867 306 1880 308 1880 310 1880 326 1871 349 1887 351 1887 353 1887 355 1887 429 1871 562 1885 563 1885 730 1884 732 1884 765 1869 874 1882 875 1882 877 1882 906 1865 922 1876 924 1876 926 1876 1048 1880 1049 1880 1051 1880 1053 1880 1088 1858 1147 1858 1222 1856 1316 1856 1352 1856 1401 1869 1403 1869 1405 1869 1407 1869 1428 1858 1543 1874 1544 1874 1546 1874 1601 1853 1604 1853 1789 1860 1791 1860 1938 1847 1938 1831 1936 1795 1916 1784 1914 1784 1913 1784 1911 1784 1909 1784 1869 1797 1869 1798 1800 1798 1760 1798 1711 1778 1709 1778 1708 1778 1706 1778 1668 1798 1666 1800 1396 1800 1389 1800 1282 1784 1280 1784 1216 1798 1129 1786 1127 1786 1126 1786 1124 1786 1104 1798 1028 1789 1026 1789 1024 1789 990 1802 988 1802 986 1802 897 1787 895 1787 817 1804 812 1804 797 1804 616 1791 614 1791 612 1791 574 1806 560 1809 531 1806 449 1793 447 1793 355 1806 331 1809 320 1806 288 1795 286 1795 284 1795 282 1795 244 1806 246 1845"/></Shape>
	    <String CONTENT="etwaß von St. Gallisch guethaten melden mag in dem an"
                    HPOS="244"
                    VPOS="1778"
                    WIDTH="1694"
                    HEIGHT="109"></String>
          </TextLine>
          <TextLine ID="eSc_line_6ef6fa4b"
                    TAGREFS="LT361"
                    BASELINE="246 1927 1923 1902" 
                    HPOS="244"
                    VPOS="1855"
                    WIDTH="1679"
                    HEIGHT="107">
            <Shape><Polygon POINTS="246 1927 246 1947 311 1962 313 1962 368 1952 482 1962 484 1962 676 1949 699 1956 701 1956 703 1956 756 1945 814 1956 816 1956 817 1956 879 1940 1082 1952 1084 1952 1316 1933 1327 1933 1330 1933 1378 1942 1379 1942 1488 1931 1490 1931 1528 1943 1530 1943 1532 1943 1534 1943 1588 1929 1592 1929 1593 1929 1628 1936 1630 1936 1753 1927 1755 1927 1757 1927 1862 1940 1864 1940 1865 1940 1923 1923 1923 1902 1922 1867 1884 1855 1882 1855 1880 1855 1768 1867 1738 1871 1729 1867 1699 1856 1697 1856 1695 1856 1693 1856 1657 1869 1644 1873 1619 1869 1563 1860 1561 1860 1559 1860 1530 1869 1519 1873 1474 1871 1381 1864 1379 1864 1378 1864 1363 1871 1350 1878 1245 1878 1233 1871 1220 1864 1218 1864 1216 1864 1214 1864 1082 1865 1080 1865 1057 1873 1029 1882 979 1874 948 1869 946 1869 944 1869 932 1874 904 1884 879 1874 864 1869 863 1869 861 1869 859 1869 857 1869 850 1874 832 1887 756 1887 723 1876 712 1873 710 1873 709 1873 707 1873 701 1876 678 1889 482 1891 456 1878 456 1876 455 1876 453 1876 451 1876 244 1878 246 1927"/></Shape>
	    <String CONTENT="mich d. 10. currentis erlassen schreiben, wünschte nur wahr"
                    HPOS="244"
                    VPOS="1855"
                    WIDTH="1679"
                    HEIGHT="107"></String>
          </TextLine>
          <TextLine ID="eSc_line_8513d588"
                    TAGREFS="LT361"
                    BASELINE="244 2005 1891 1987" 
                    HPOS="242"
                    VPOS="1933"
                    WIDTH="1649"
                    HEIGHT="105">
            <Shape><Polygon POINTS="244 2005 244 2036 571 2038 573 2038 600 2034 658 2025 837 2032 899 2034 901 2034 957 2032 959 2032 961 2032 961 2030 979 2020 1048 2030 1062 2032 1064 2032 1066 2032 1071 2030 1093 2020 1147 2027 1149 2027 1151 2027 1153 2027 1167 2018 1285 2029 1292 2029 1294 2029 1296 2029 1298 2029 1329 2014 1561 2012 1662 2025 1664 2025 1666 2025 1668 2025 1686 2012 1768 2023 1769 2023 1771 2023 1813 2010 1887 2023 1891 1987 1887 1943 1789 1933 1787 1933 1650 1943 1570 1949 1525 1943 1454 1934 1452 1934 1450 1934 1448 1934 1436 1943 1423 1952 1390 1952 1343 1943 1294 1936 1292 1936 1175 1938 1146 1943 1111 1952 1091 1943 1084 1942 1082 1942 1080 1942 1060 1945 988 1958 786 1958 739 1945 732 1943 730 1943 654 1943 652 1943 641 1945 567 1962 415 1952 413 1952 411 1952 389 1963 351 1947 349 1947 242 1947 244 2005"/></Shape>
	    <String CONTENT="zu seÿn, waß dero angebohrne höfflichkeit anziechet,"
                    HPOS="242"
                    VPOS="1933"
                    WIDTH="1649"
                    HEIGHT="105"></String>
          </TextLine>
          <TextLine ID="eSc_line_08acb487"
                    TAGREFS="LT361"
                    BASELINE="246 2079 1927 2056" 
                    HPOS="244"
                    VPOS="2007"
                    WIDTH="1683"
                    HEIGHT="107">
            <Shape><Polygon POINTS="246 2079 246 2099 415 2099 442 2112 444 2112 446 2114 504 2114 504 2112 634 2096 759 2108 761 2108 997 2105 999 2105 1000 2105 1024 2090 1055 2101 1057 2101 1058 2101 1060 2101 1100 2088 1305 2087 1381 2098 1383 2098 1385 2098 1418 2087 1452 2098 1454 2098 1456 2098 1457 2098 1486 2087 1653 2090 1655 2090 1657 2090 1677 2081 1728 2094 1729 2094 1731 2094 1865 2092 1867 2092 1927 2076 1927 2056 1922 2007 1824 2018 1806 2009 1802 2007 1800 2007 1798 2007 1797 2007 1793 2009 1751 2023 1602 2010 1541 2007 1539 2007 1448 2012 1447 2012 1441 2014 1405 2030 1294 2030 1271 2016 1262 2012 1260 2012 1258 2012 1256 2012 1238 2018 1194 2029 1122 2020 1080 2014 1078 2014 1077 2014 1058 2020 1017 2034 966 2025 964 2025 962 2025 942 2036 745 2038 719 2025 707 2020 705 2020 703 2020 616 2021 614 2021 600 2027 583 2034 525 2029 462 2023 460 2023 418 2030 389 2036 375 2030 360 2027 359 2027 357 2027 355 2027 333 2032 310 2038 297 2032 281 2025 279 2025 277 2025 275 2025 244 2032 246 2079"/></Shape>
	    <String CONTENT="unserseiths wird eine Ehr seÿn dienen zu können; nichts"
                    HPOS="244"
                    VPOS="2007"
                    WIDTH="1683"
                    HEIGHT="107"></String>
          </TextLine>
          <TextLine ID="eSc_line_2faf79f0"
                    TAGREFS="LT361"
                    BASELINE="250 2161 1945 2139" 
                    HPOS="248"
                    VPOS="2081"
                    WIDTH="1697"
                    HEIGHT="114">
            <Shape><Polygon POINTS="250 2161 250 2179 297 2194 299 2194 301 2195 301 2194 302 2194 351 2181 527 2194 529 2194 692 2177 718 2190 719 2190 721 2192 801 2192 801 2190 803 2190 841 2176 877 2188 879 2188 881 2190 953 2190 953 2188 955 2188 957 2188 982 2174 990 2170 1068 2170 1073 2172 1091 2181 1093 2181 1095 2181 1216 2172 1285 2183 1287 2183 1289 2183 1320 2170 1329 2166 1345 2170 1396 2179 1398 2179 1485 2168 1528 2163 1546 2168 1588 2179 1590 2179 1592 2179 1593 2179 1624 2168 1651 2177 1653 2177 1655 2177 1657 2177 1684 2166 1699 2161 1943 2163 1945 2139 1942 2105 1844 2081 1842 2081 1758 2096 1702 2083 1700 2083 1606 2094 1584 2085 1583 2085 1581 2085 1508 2088 1454 2092 1452 2092 1450 2092 1432 2103 1427 2107 1419 2103 1390 2092 1389 2092 1292 2092 1291 2092 1289 2092 1251 2103 1231 2108 1211 2103 1162 2090 1160 2090 1158 2090 1156 2090 1120 2103 1095 2112 1077 2103 1053 2092 1051 2092 1049 2092 1048 2092 1046 2092 1029 2103 1011 2116 952 2117 863 2117 832 2103 816 2096 814 2096 812 2096 810 2096 785 2103 734 2117 553 2110 551 2110 549 2110 527 2121 248 2103 250 2161"/></Shape>
	    <String CONTENT="desto weniger nehme ich die frechheit, und thuhe mit ver¬"
                    HPOS="248"
                    VPOS="2081"
                    WIDTH="1697"
                    HEIGHT="114"></String>
          </TextLine>
          <TextLine ID="eSc_line_19b921d3"
                    TAGREFS="LT361"
                    BASELINE="253 2239 1945 2221" 
                    HPOS="252"
                    VPOS="2168"
                    WIDTH="1693"
                    HEIGHT="107">
            <Shape><Polygon POINTS="253 2239 253 2257 391 2261 413 2275 415 2275 417 2275 418 2275 516 2273 518 2273 553 2259 587 2270 589 2270 591 2270 592 2270 632 2255 685 2272 687 2272 689 2272 777 2259 810 2270 812 2270 814 2272 930 2272 930 2270 1120 2250 1127 2250 1144 2250 1269 2252 1303 2264 1305 2264 1307 2264 1309 2264 1311 2264 1338 2248 1340 2248 1345 2248 1702 2261 1704 2261 1706 2261 1771 2243 1777 2243 1943 2243 1945 2221 1942 2185 1719 2168 1717 2168 1715 2168 1691 2181 1554 2170 1552 2170 1452 2186 1432 2190 1298 2190 1292 2186 1272 2174 1271 2174 1269 2174 1267 2174 1169 2186 1167 2186 1098 2174 1097 2174 1095 2174 1042 2188 1024 2192 982 2188 930 2183 928 2183 897 2188 868 2194 855 2188 830 2177 828 2177 826 2177 770 2188 736 2195 725 2188 709 2179 707 2179 705 2179 703 2179 638 2188 573 2181 571 2181 569 2181 567 2181 554 2190 542 2197 476 2190 411 2183 409 2183 252 2190 253 2239"/></Shape>
	    <String CONTENT="¬kindtlich danck, daß offert dero kunstreichen Musicalien"
                    HPOS="252"
                    VPOS="2168"
                    WIDTH="1693"
                    HEIGHT="107"></String>
          </TextLine>
          <TextLine ID="eSc_line_272d3c39"
                    TAGREFS="LT361"
                    BASELINE="253 2324 1936 2297" 
                    HPOS="252"
                    VPOS="2253"
                    WIDTH="1684"
                    HEIGHT="102">
            <Shape><Polygon POINTS="253 2324 253 2342 362 2350 364 2350 420 2341 424 2341 426 2341 447 2350 449 2350 451 2350 502 2341 699 2355 701 2355 743 2353 745 2353 781 2335 850 2351 852 2353 924 2353 924 2351 926 2351 995 2331 997 2331 999 2331 1089 2346 1091 2346 1243 2333 1347 2344 1349 2344 1350 2344 1398 2324 1399 2322 1661 2321 1668 2321 1856 2335 1858 2335 1860 2335 1936 2315 1936 2297 1931 2270 1757 2270 1755 2270 1713 2253 1711 2253 1709 2253 1708 2253 1670 2264 1619 2255 1617 2255 1470 2268 1405 2259 1403 2259 1309 2272 1258 2281 1055 2281 1033 2273 1011 2266 1010 2266 1008 2266 1006 2266 1004 2266 993 2273 977 2284 899 2284 879 2275 866 2268 864 2268 819 2268 817 2268 816 2268 814 2268 803 2275 786 2286 759 2275 743 2270 741 2270 739 2270 738 2270 714 2275 692 2281 640 2275 589 2272 587 2272 585 2272 565 2277 514 2290 373 2284 371 2284 319 2293 252 2279 253 2324"/></Shape>
	    <String CONTENT="zu einer verehrung übernem̃en; sollen die Noten ange¬"
                    HPOS="252"
                    VPOS="2253"
                    WIDTH="1684"
                    HEIGHT="102"></String>
          </TextLine>
          <TextLine ID="eSc_line_478e9958"
                    TAGREFS="LT361"
                    BASELINE="255 2384 678 2393 1307 2377 1936 2371" 
                    HPOS="255"
                    VPOS="2322"
                    WIDTH="1681"
                    HEIGHT="98">
            <Shape><Polygon POINTS="1931 2344 1777 2344 1773 2344 1680 2322 1679 2322 1548 2324 1546 2324 1508 2342 1466 2330 1465 2330 1463 2330 1461 2330 1430 2342 1383 2326 1381 2326 1379 2326 1378 2326 1321 2346 1316 2348 1309 2346 1224 2328 1222 2328 1220 2328 1173 2341 1078 2331 1077 2331 1075 2331 1039 2348 1037 2350 984 2351 975 2348 952 2339 950 2339 948 2339 866 2350 830 2353 808 2350 759 2339 757 2339 756 2339 732 2350 721 2357 596 2357 549 2351 442 2335 440 2335 438 2335 393 2351 373 2359 255 2353 255 2384 257 2420 288 2409 302 2418 304 2418 306 2418 308 2418 520 2408 587 2415 607 2417 609 2417 1022 2411 1024 2411 1033 2408 1044 2402 1062 2408 1077 2411 1078 2411 1080 2411 1136 2406 1193 2399 1476 2399 1481 2400 1499 2408 1501 2408 1503 2408 1541 2399 1554 2397 1563 2399 1599 2406 1601 2406 1684 2397 1704 2395 1722 2395 1824 2404 1826 2404 1934 2391 1936 2371 1931 2344"/></Shape>
	    <String CONTENT="¬nemb seÿn, mit welchen ich sothaneß werck zu einem"
                    HPOS="255"
                    VPOS="2322"
                    WIDTH="1681"
                    HEIGHT="98"></String>
          </TextLine>
          <TextLine ID="eSc_line_6dd8cccc"
                    TAGREFS="LT361"
                    BASELINE="253 2457 806 2471 1494 2449 1938 2446" 
                    HPOS="252"
                    VPOS="2395"
                    WIDTH="1686"
                    HEIGHT="112">
            <Shape><Polygon POINTS="253 2457 253 2482 351 2507 353 2507 417 2493 485 2506 487 2506 709 2504 770 2491 870 2504 872 2504 874 2504 932 2487 979 2493 981 2493 1039 2482 1078 2496 1080 2496 1082 2496 1084 2496 1086 2496 1107 2482 1169 2478 1218 2477 1233 2478 1283 2487 1285 2487 1287 2487 1316 2478 1329 2475 1546 2475 1552 2477 1584 2493 1586 2493 1588 2493 1590 2493 1633 2477 1646 2473 1936 2475 1938 2446 1933 2417 1893 2417 1889 2415 1855 2395 1853 2395 1851 2395 1849 2395 1680 2397 1679 2397 1677 2397 1651 2415 1637 2415 1572 2420 1525 2420 1515 2415 1488 2402 1486 2402 1485 2402 1483 2402 1450 2415 1434 2420 1394 2415 1287 2399 1285 2399 1149 2400 1147 2400 1107 2415 1077 2424 1015 2413 986 2409 984 2409 959 2413 941 2417 932 2413 901 2402 899 2402 897 2402 848 2413 810 2422 788 2415 786 2415 785 2415 783 2415 781 2415 763 2428 663 2428 596 2413 578 2409 576 2409 574 2409 573 2409 569 2413 545 2429 453 2431 418 2431 388 2413 380 2408 378 2408 377 2408 375 2408 252 2411 253 2457"/></Shape>
	    <String CONTENT="Muster anfang wird, so bald die Neüw gattung der Noten"
                    HPOS="252"
                    VPOS="2395"
                    WIDTH="1686"
                    HEIGHT="112"></String>
          </TextLine>
          <TextLine ID="eSc_line_a994cbfb"
                    TAGREFS="LT361"
                    BASELINE="268 2560 790 2560 1508 2535 1911 2538" 
                    HPOS="266"
                    VPOS="2475"
                    WIDTH="1645"
                    HEIGHT="121">
            <Shape><Polygon POINTS="268 2560 268 2596 408 2580 556 2593 574 2593 576 2593 739 2589 741 2589 743 2589 770 2576 830 2587 834 2587 835 2587 841 2587 913 2571 933 2580 935 2580 937 2580 1031 2569 1053 2580 1055 2580 1057 2580 1193 2565 1271 2580 1278 2580 1280 2580 1390 2578 1401 2576 1501 2560 1661 2560 1684 2573 1686 2573 1688 2573 1690 2573 1691 2573 1695 2573 1746 2558 1778 2569 1780 2569 1782 2569 1784 2569 1804 2560 1909 2567 1911 2538 1909 2484 1722 2475 1720 2475 1719 2475 1693 2489 1677 2496 1661 2489 1632 2477 1630 2477 1628 2477 1499 2478 1394 2487 1392 2487 1370 2496 1350 2506 1301 2498 1272 2495 1271 2495 1269 2495 1253 2500 1227 2507 1178 2502 1147 2498 1146 2498 1144 2498 1126 2504 1100 2509 1080 2504 1039 2491 1037 2491 1035 2491 1033 2491 997 2506 981 2515 883 2515 872 2509 861 2502 859 2502 857 2502 855 2502 854 2502 839 2511 828 2516 676 2518 656 2515 591 2502 527 2500 525 2500 524 2500 498 2513 369 2498 368 2498 366 2498 266 2524 268 2560"/></Shape>
	    <String CONTENT="so ich täglich erwarte aukom̃en werde, und dem hochgeh"
                    HPOS="266"
                    VPOS="2475"
                    WIDTH="1645"
                    HEIGHT="121"></String>
          </TextLine>
          <TextLine ID="eSc_line_f7f9a8ee"
                    TAGREFS="LT361"
                    BASELINE="266 2651 1938 2607" 
                    HPOS="264"
                    VPOS="2551"
                    WIDTH="1674"
                    HEIGHT="130">
            <Shape><Polygon POINTS="266 2651 266 2669 386 2681 388 2681 389 2681 437 2667 438 2667 440 2667 462 2680 464 2680 466 2680 549 2667 609 2681 611 2681 612 2681 864 2674 924 2661 962 2652 975 2660 990 2671 991 2671 993 2671 995 2671 997 2671 1019 2660 1035 2651 1102 2649 1127 2658 1136 2661 1138 2661 1140 2661 1204 2658 1254 2654 1267 2656 1292 2663 1294 2663 1296 2663 1298 2663 1300 2663 1309 2656 1312 2652 1329 2656 1350 2660 1352 2660 1354 2660 1365 2656 1387 2647 1407 2654 1408 2654 1410 2654 1412 2654 1452 2638 1521 2638 1936 2647 1938 2607 1934 2556 1867 2551 1865 2551 1816 2558 1760 2569 1738 2562 1729 2558 1728 2558 1726 2558 1724 2558 1715 2562 1690 2574 1644 2564 1613 2558 1612 2558 1521 2560 1519 2560 1503 2569 1479 2582 1365 2584 1301 2574 1249 2567 1247 2567 1245 2567 1243 2567 1231 2576 1216 2587 1086 2591 1069 2582 1062 2578 1060 2578 1058 2578 1057 2578 1048 2582 1026 2594 957 2594 906 2587 893 2585 892 2585 890 2585 883 2587 854 2596 830 2589 814 2584 812 2584 810 2584 808 2584 788 2591 763 2598 710 2593 621 2584 620 2584 618 2584 591 2596 574 2605 538 2605 509 2598 480 2593 478 2593 476 2593 449 2600 426 2589 424 2589 422 2589 333 2591 264 2605 266 2651"/></Shape>
	    <String CONTENT="Hr Vetter besagtes muster, ehe ich in selben fortsetze"
                    HPOS="264"
                    VPOS="2551"
                    WIDTH="1674"
                    HEIGHT="130"></String>
          </TextLine>
          <TextLine ID="eSc_line_835dae02"
                    TAGREFS="LT361"
                    BASELINE="272 2730 759 2727 1486 2694 1971 2685" 
                    HPOS="270"
                    VPOS="2631"
                    WIDTH="1701"
                    HEIGHT="136">
            <Shape><Polygon POINTS="1967 2654 1802 2631 1800 2631 1798 2631 1737 2656 1728 2660 1719 2656 1659 2636 1657 2636 1612 2636 1610 2636 1488 2640 1486 2640 1439 2661 1421 2671 1365 2672 1321 2672 1296 2663 1249 2647 1247 2647 1245 2647 1185 2649 1184 2649 1151 2663 1129 2654 1127 2654 1126 2654 1124 2654 1097 2665 1062 2681 819 2687 772 2671 770 2671 768 2671 767 2671 701 2685 654 2676 652 2676 650 2676 596 2692 542 2680 540 2680 538 2680 491 2696 417 2674 408 2672 406 2672 404 2672 402 2672 393 2676 375 2681 270 2678 272 2730 273 2754 418 2749 427 2752 456 2765 458 2765 460 2767 514 2767 514 2765 516 2765 562 2752 669 2759 670 2759 672 2759 703 2747 707 2745 712 2747 750 2756 752 2756 754 2756 928 2741 941 2741 948 2741 1058 2749 1060 2749 1155 2739 1156 2739 1164 2736 1191 2725 1267 2734 1296 2738 1298 2738 1320 2734 1356 2725 1387 2732 1403 2736 1405 2736 1407 2736 1430 2730 1499 2716 1755 2718 1757 2718 1758 2718 1760 2718 1775 2709 1820 2718 1822 2718 1880 2707 1894 2716 1896 2716 1898 2716 1900 2716 1902 2716 1904 2716 1916 2705 1967 2720 1971 2685 1967 2654"/></Shape>
	    <String CONTENT="zu übersech nit ermangeln wird; auch die vier undzwan¬"
                    HPOS="270"
                    VPOS="2631"
                    WIDTH="1701"
                    HEIGHT="136"></String>
          </TextLine>
          <TextLine ID="eSc_line_0f74a655"
                    TAGREFS="LT361"
                    BASELINE="286 2814 783 2807 1506 2767 1974 2759" 
                    HPOS="284"
                    VPOS="2703"
                    WIDTH="1690"
                    HEIGHT="151">
            <Shape><Polygon POINTS="286 2814 286 2845 333 2854 335 2854 391 2841 442 2830 471 2839 496 2846 498 2846 500 2846 607 2843 609 2843 647 2832 689 2821 756 2828 823 2836 825 2836 971 2821 1055 2812 1069 2817 1091 2825 1093 2825 1095 2825 1254 2819 1256 2819 1258 2819 1271 2810 1332 2817 1334 2817 1336 2817 1363 2807 1389 2794 1606 2788 1630 2796 1648 2803 1650 2803 1651 2805 1717 2805 1717 2803 1777 2790 1836 2779 1972 2783 1974 2759 1969 2707 1885 2703 1884 2703 1882 2703 1855 2710 1804 2725 1771 2714 1760 2710 1758 2710 1691 2710 1690 2710 1688 2710 1668 2718 1644 2730 1525 2736 1496 2725 1479 2720 1477 2720 1476 2720 1381 2721 1379 2721 1349 2732 1340 2734 1332 2732 1296 2725 1294 2725 1242 2736 1227 2739 1218 2738 1185 2729 1184 2729 1182 2729 1111 2736 1109 2736 1107 2736 1098 2743 1082 2752 1006 2747 937 2741 935 2741 933 2741 932 2741 919 2750 904 2759 834 2761 796 2756 734 2745 732 2745 730 2745 694 2759 674 2767 623 2763 585 2759 583 2759 582 2759 580 2759 574 2765 565 2770 502 2767 438 2765 437 2765 435 2765 420 2770 409 2778 284 2778 286 2814"/></Shape>
	    <String CONTENT="¬zig exemplar France sollen fleissig übermacht werden:"
                    HPOS="284"
                    VPOS="2703"
                    WIDTH="1690"
                    HEIGHT="151"></String>
          </TextLine>
          <TextLine ID="eSc_line_b2b33444"
                    TAGREFS="LT361"
                    BASELINE="284 2892 723 2897 1544 2852 1991 2843" 
                    HPOS="284"
                    VPOS="2787"
                    WIDTH="1707"
                    HEIGHT="150">
            <Shape><Polygon POINTS="1991 2843 1981 2787 1927 2807 1853 2799 1851 2799 1769 2814 1715 2803 1579 2803 1561 2803 1559 2803 1557 2803 1537 2812 1494 2805 1476 2803 1474 2803 1450 2807 1370 2823 1345 2812 1338 2808 1336 2808 1334 2808 1303 2812 1240 2823 1213 2816 1200 2814 1198 2814 1196 2814 1194 2814 1182 2817 1124 2837 1049 2823 1028 2819 1026 2819 926 2823 924 2823 910 2828 875 2843 777 2850 745 2843 743 2843 741 2843 569 2857 545 2846 544 2846 542 2846 476 2861 369 2854 368 2854 366 2854 364 2854 351 2863 284 2854 284 2892 286 2928 378 2924 388 2924 462 2937 464 2937 466 2937 509 2923 598 2926 600 2926 602 2926 627 2915 634 2914 661 2915 828 2924 830 2924 930 2921 932 2921 933 2921 950 2908 964 2919 966 2919 968 2919 970 2919 1029 2917 1031 2917 1078 2899 1084 2897 1097 2897 1225 2910 1227 2910 1229 2910 1262 2897 1374 2903 1376 2903 1378 2903 1379 2903 1407 2886 1450 2901 1452 2901 1454 2901 1456 2901 1525 2881 1528 2881 1530 2881 1563 2897 1564 2897 1566 2897 1626 2895 1628 2895 1686 2875 1688 2874 1780 2872 1782 2872 1806 2881 1807 2881 1809 2881 1811 2881 1840 2870 1842 2870 1952 2874 1954 2874 1956 2874 1991 2863 1991 2843"/></Shape>
	    <String CONTENT="erwarte also mit höchstem verlang dises erstere werkh"
                    HPOS="284"
                    VPOS="2787"
                    WIDTH="1707"
                    HEIGHT="150"></String>
          </TextLine>
          <TextLine ID="eSc_line_cd7d99be"
                    TAGREFS="LT361"
                    BASELINE="277 2972 727 2981 1379 2943 1824 2935" 
                    HPOS="275"
                    VPOS="2881"
                    WIDTH="1549"
                    HEIGHT="159">
            <Shape><Polygon POINTS="277 2972 279 3030 366 3006 420 3024 473 3040 475 3040 476 3040 774 3033 776 3033 870 3001 879 2999 904 2999 971 3002 1004 3021 1006 3021 1008 3021 1077 3013 1078 3013 1124 2988 1151 2973 1185 2986 1202 2992 1204 2992 1205 2992 1247 2982 1251 2982 1253 2982 1285 2993 1287 2993 1289 2993 1291 2993 1316 2979 1340 2966 1597 2964 1599 2966 1630 2981 1632 2981 1633 2981 1635 2981 1637 2981 1666 2962 1690 2970 1691 2970 1693 2970 1824 2953 1824 2935 1818 2897 1700 2899 1666 2881 1664 2881 1662 2881 1661 2881 1612 2899 1550 2890 1548 2890 1546 2890 1505 2904 1505 2906 1486 2906 1421 2906 1381 2890 1379 2890 1378 2890 1376 2890 1354 2899 1271 2892 1269 2892 1176 2914 1035 2901 1033 2901 1031 2901 1004 2912 961 2901 959 2901 957 2901 955 2901 908 2919 861 2910 859 2910 768 2926 763 2928 736 2928 699 2928 672 2910 670 2910 669 2910 667 2910 665 2910 612 2928 574 2914 573 2914 571 2914 489 2915 487 2915 455 2933 440 2924 438 2924 437 2924 435 2924 380 2933 337 2919 335 2919 333 2919 331 2919 275 2939 277 2972"/></Shape>
	    <String CONTENT="der indess die ehr hab zu seÿn mit aller veneration."
                    HPOS="275"
                    VPOS="2881"
                    WIDTH="1549"
                    HEIGHT="159"></String>
          </TextLine>
          <TextLine ID="eSc_line_92509ddd"
                    TAGREFS="LT361"
                    BASELINE="1646 3068 1923 3064" 
                    HPOS="1644"
                    VPOS="3013"
                    WIDTH="279"
                    HEIGHT="98">
            <Shape><Polygon POINTS="1646 3068 1648 3111 1700 3095 1797 3095 1824 3106 1831 3108 1833 3108 1835 3108 1922 3100 1923 3064 1918 3024 1849 3026 1835 3021 1816 3013 1815 3013 1813 3013 1786 3019 1748 3028 1733 3017 1729 3013 1728 3013 1726 3013 1724 3013 1644 3013 1646 3068"/></Shape>
	    <String CONTENT="P. S. beliebe..."
                    HPOS="1644"
                    VPOS="3013"
                    WIDTH="279"
                    HEIGHT="98"></String>
          </TextLine>
        </TextBlock>
      </PrintSpace>
    </Page>
  </Layout>
</alto>
