2448 3264
223 174 1722 117 officia beÿ Religiosen, wie Jhne bekant ser unbestendig wie auch beÿ

203 261 1748 112 weltlichen, doch wird dem Hr vetter villeicht wenig daran ligen. Jndess

197 344 1801 120 thuhe mich allerhöfflichstens empfehlen, der ich bin mit aller veneration. vid Orig.

306 424 205 152 [Noten]

230 576 551 122 Dise wehren die

337 654 803 96 4. Sorten. vid Original.

424 732 1478 132 Schreiben an R. P. Honoratum Peÿer auf das

213 852 1426 100 seinige Sub litt F. de dato Lucern den 5. Martij 1746.

371 942 1732 155 Das ich Stfd Mehf Vetteren seithero, da ich dero hoch¬ litt G.

219 1057 1811 137 ¬verffetistes vom 14 Jan. gegenwertig lauffendtes empfangen, nicht gebührend¬

217 1153 1813 103 ¬ter massen geantwortet, werden sie mihr erlauben meine legitimierte excu¬

224 1216 1790 129 ¬sation zueröffnen. 1.mo bin ich mit zimblich wichtigen musicalischen occupationen über¬

219 1298 1802 118 ¬heüftet gewessen, da ich seit dem 6. Jan. bis dahin ser mitselbe beschäftiget ware.

230 1372 1784 134 2o hatt sich leÿdter ! durch eine unglückliche niderkunft meiner fr Muter der

226 1463 1781 129 fatale casus ereignete daß durch d. so ohnversehens, als ser traurigst hintritt

228 1544 1781 120 gedachter meiner frd M.r sert wihr insgesambt absonderlich aber ich in die gröste

223 1630 1764 119 bestürtzung und trauer seind gesetzt worden, deß abgeleibt seel Jch ftt Mt

223 1711 1706 118 Vettern ebenfahls bestens in dero Hl. Sacrificia will reccomandiert haben.

237 1800 1755 118 3. Weil Ehr mihr schreiben, wie daß der buchhändler nacher angspurg abgang

233 1880 1787 109 und bis in die fasten nicht widrum werde zurückkehen, als habe ich vor ohnötiger¬

239 1947 1741 138 ¬achtet früher zuschreiben. Demnach ich vermeine, daß just jetzt under die

252 2040 1521 119 rechte zeit wäre Ihn auf alles umständtlich zu antworten.

330 2114 1697 123 Vors aller erst Congratuliere hlwd Mhl vettern weg der an dero ge¬

253 2192 1803 136 ¬Ehrtist Persohn vorgegang, promotion zum bauw und korn Ambt wünsch¬

252 2284 1378 116 ¬end, daß diese so ertraglich als ansehnlich sie seind. _

297 2341 1719 134 2o Verstehe ich, wie daß sie mit Gnädigster erlaubnust von Sr. Hoch¬

273 2431 1747 136 frst. Gn. ein buchhändler über die hochfrstl buchtruckereÿ bestelt; deme

270 2504 1766 148 auf Jährliche abrechnung die buchtruckereÿ zu versorgen, samdt dem buch

272 2593 1764 152 verlaag überlassen seÿe. Darzu mihr die versicherung geben, wie daß

275 2687 1739 141 er ein ehrlicher, frommer, und getrüwer Man seÿe, welches alles mihr

270 2754 1717 169 freüd, und gute hoffnung verursachet. weilen ich aber dis buchhändler

281 2843 1719 168 nicht kenne, als auch in dem finstere mich denselben meine tractats müsste¬

1751 2919 347 120 abhandtlen...
