2448 3264
567 299 1694 152 schon? nicht darbeÿ leÿdten werde, und also nur die eintzige

558 384 1686 141 gelegenheit kan haben, mein liebes St Gallen mit disem titul

563 458 1714 145 und prætext auch noch einmahl zu sehen; welches mein eint¬

571 534 1704 156 ¬ziges verlangen, massen ich ville gute freündte dorten hofte an¬

565 616 1703 160 ¬zutrefen, undter welchen End Mhl. Vetters den ersten will

569 701 1692 163 gezehlt haben. Dises ist nun mein project, so ich Jhnen aus

562 786 1715 147 dem bestgesintisten, aufrichtigisten, und, treuwisten hertz habe

573 870 1713 149 oftenbahren wollen. _ Jch vermeine auch, daß ich Jhnen

573 941 1742 156 gerathen, wie auch etwaß so discretes, ratione meines ersten werck

587 1026 1674 147 von Ihnen anverlangt, daß man mihr nicht vorwerfen wird

585 1106 1696 147 können, das ich indiscret, oder indiscriminatim gehandlet habe.

602 1185 1662 135 Dan sie selbsten überlegen können, ob ich grosses profitt machen

576 1262 1739 148 werde, oder nicht? Deroweg hoffe ich, das es umb so weni¬

583 1341 1714 147 ¬ger difficultet beÿ Jhnen absetzen werde, weil ich nur vor ein

603 1405 1714 145 eintziges werck 100 Thr begehre, und das darumb, damit ich die

605 1503 1716 130 Reis kösten, und andere accidenzien darauß bestreiten möge.

618 1577 1703 143 Vor die übrige wercken habe mich schon declariert, mündtlich

621 1650 1709 165 zu undterreden, will Jhnen auch nicht zu muthen, daß sin obligiert

614 1744 1717 134 sollen seÿn, selbe anzunemmen. Wan sie nur nach meinem

609 1820 1719 136 willen diesen accord vor daß erste werckh eingehen, daß übrige

627 1894 1685 149 wird sich schon machen, zweiffle gahr nicht daran, dan ich

636 1976 1677 134 weiß all zu wohl mit waß vor manierlichen herren in

632 2067 1674 125 St Gallen, welche auf alle weis zu leben wissen, ich ein¬

638 2201 352 87 ¬schiffe.

750 2194 1549 163 Daß ich zwahr fast so vill, alß waß eine gantze

641 2272 1665 174 predig ertrage mag hier E Hhft Gd. zu schreiben, geschieht

654 2351 1658 158 nicht aus einer graüdlereÿ? oder schmeichlereÿ, ich will hoffen

656 2426 1659 161 daß kein ohnnötiges wort in disem schreiben enthalten

658 2504 1652 159 seÿe, massen die umstände es also erforderen, dan ich

669 2584 1661 155 bin mich gewohnte die sachen umständtlich, und nicht so ober¬

667 2690 1264 124 ¬hin zu beschreiben, und beantworten. _

845 2732 1481 154 Mache also dan schluss, und sage noch mahlen,

681 2812 1641 165 daß wofern: p.mo sie die appoggiatur nötelin ohnverzüglich

690 2903 1620 147 werden ein schneiden lassen, als wie Jhnen selbe hier zu¬

2166 2981 171 103 ¬sendte
