2448 3264
655 250 770 141 Introduction.

799 361 365 147 Zu dem

680 462 565 160 Protocoll.

451 609 1442 177 as alle anfang schwär seÿe, und eine handel¬

418 748 1464 116 schafft einzurichten anfänglich ville müh

367 829 1526 103 und arbeith, kum̃er, sorg und villes nache und aus¬

293 900 1586 114 ¬denken kosten, und erforderen, daß habe ich, wie in hiesig,

220 979 1640 111 buch klahr zu^o finden, genug sam erfahren müssen.

220 1049 1689 117 xxxx nur jedeß handtwerck, sonderen auch alle künsten

220 1123 1686 122 ja so gahr die edle Music ist nicht von jenen von der gött¬

220 1204 1692 112 ¬lichen Majestet gegebenen Sentenz: in Sudore vultus tui ves¬

212 1283 1697 109 ceris pane, ausgenommen. Ein handtwercken und kün

217 1362 1695 106 ¬stler muss dises mit seinen handt ein Scribent, staatsman,

223 1438 1672 117 gelehrter xx aber mit der Kopf,, arbeit daselbr verdienen;

223 1528 1702 109 Waß die Musicalische Compositions Kunst vor eine kopf,,brechen¬

209 1607 1708 106 ¬dte arbeit seÿe, die willeß und unbeschreiblicheß nach dencken erfor¬

214 1680 1709 115 ¬dert, dessen können jene Zeügnuß geben, die sich in solcher exer¬

223 1757 1702 122 ¬cieren. Verton ich auß der zwar wenig jährig erfahrenheit

223 1838 1694 106 doch villes schreiben, und reden könte. Die Music zu verstehen

225 1912 1689 98 und in dieser vollkom̃en zu werden, erforderet nebst den guten

225 1988 1695 109 verstand, und durchtringlichen Geist, vielle Zeit, und Jahr, biß man

223 2067 1651 114 selbe possedieren, und in dieser zur perfection gelangen mag;

214 2148 1725 112 wie frühzeitiger man in der jugent anfanget, umb desto ehrender

231 2224 1697 107 man etwas erlehrnt, dan: wass hänsel nicht gelehrnet, wird

225 2301 1692 108 hanß nicht mehr lehrnen. @ So welches sprüch Wort sattsam zu

231 2371 1692 112 verstehen gibt, dass in der jugend man wirt besser, als in

231 2453 1713 111 dem alter die Wisenschafften hasten und Erlehrnen köñt, daß

239 2535 1689 114 ich in der music so weit gekommen, und diese so hochgebracht habe,

233 2611 1709 119 solle nebst Gott, eintzig der klugen vorsorg meines hr Grosvatters

252 2687 1684 125 seel. Gedechtung? verdancken. Diser mein dank xxxx

255 2768 1689 128 ein ungemeiner liebhaber der Music, welcher also nicht nur

252 2845 1700 144 an seinem eintzigen Sohn, meines Herrn Vatters /. der zu solchen

1525 2948 463 120 aussbündigeren.
