<?xml version="1.0" encoding="UTF-8"?>
<alto xmlns:xsi="http://www.w3.org/2001/XMLSchema-instance"
      xmlns="http://www.loc.gov/standards/alto/ns-v4#"
      xsi:schemaLocation="http://www.loc.gov/standards/alto/ns-v4# http://www.loc.gov/standards/alto/v4/alto-4-2.xsd">
  <Description>
    <MeasurementUnit>pixel</MeasurementUnit>
    <sourceImageInformation>
      <fileName>P1120150.JPG</fileName>
    </sourceImageInformation>
  </Description>
  <Tags>
    <OtherTag ID="BT7" LABEL="CustomZone" DESCRIPTION="block type CustomZone"/><OtherTag ID="BT8" LABEL="DamageZone" DESCRIPTION="block type DamageZone"/><OtherTag ID="BT9" LABEL="DigitizationArtefactZone" DESCRIPTION="block type DigitizationArtefactZone"/><OtherTag ID="BT10" LABEL="DropCapitalZone" DESCRIPTION="block type DropCapitalZone"/><OtherTag ID="BT11" LABEL="GraphicZone" DESCRIPTION="block type GraphicZone"/><OtherTag ID="BT12" LABEL="MainZone" DESCRIPTION="block type MainZone"/><OtherTag ID="BT13" LABEL="MarginTextZone" DESCRIPTION="block type MarginTextZone"/><OtherTag ID="BT14" LABEL="MusicZone" DESCRIPTION="block type MusicZone"/><OtherTag ID="BT15" LABEL="NumberingZone" DESCRIPTION="block type NumberingZone"/><OtherTag ID="BT17" LABEL="QuireMarksZone" DESCRIPTION="block type QuireMarksZone"/><OtherTag ID="BT18" LABEL="RunningTitleZone" DESCRIPTION="block type RunningTitleZone"/><OtherTag ID="BT19" LABEL="SealZone" DESCRIPTION="block type SealZone"/><OtherTag ID="BT20" LABEL="StampZone" DESCRIPTION="block type StampZone"/><OtherTag ID="BT21" LABEL="TableZone" DESCRIPTION="block type TableZone"/><OtherTag ID="BT22" LABEL="TitlePageZone" DESCRIPTION="block type TitlePageZone"/>
    <OtherTag ID="LT7" LABEL="CustomLine" DESCRIPTION="line type CustomLine"/><OtherTag ID="LT8" LABEL="DefaultLine" DESCRIPTION="line type DefaultLine"/><OtherTag ID="LT9" LABEL="DropCapitalLine" DESCRIPTION="line type DropCapitalLine"/><OtherTag ID="LT10" LABEL="HeadingLine" DESCRIPTION="line type HeadingLine"/><OtherTag ID="LT11" LABEL="InterlinearLine" DESCRIPTION="line type InterlinearLine"/><OtherTag ID="LT12" LABEL="MusicLine" DESCRIPTION="line type MusicLine"/><OtherTag ID="LT361" LABEL="default" DESCRIPTION="line type default"/>
  </Tags>
  <Layout>
    <Page WIDTH="2448"
          HEIGHT="3264"
          PHYSICAL_IMG_NR="42"
          ID="eSc_dummypage_">
      <PrintSpace HPOS="0"
                  VPOS="0"
                  WIDTH="2448"
                  HEIGHT="3264">
        <TextBlock ID="eSc_dummyblock_">
          <TextLine ID="eSc_line_2f85e6b3"
                    TAGREFS="LT361"
                    BASELINE="2415 261 2444 261" 
                    HPOS="2415"
                    VPOS="233"
                    WIDTH="29"
                    HEIGHT="75">
            <Shape><Polygon POINTS="2415 257 2415 261 2417 308 2444 293 2444 261 2442 233 2420 233 2415 257"/></Shape>
	    <String CONTENT="11"
                    HPOS="2415"
                    VPOS="233"
                    WIDTH="29"
                    HEIGHT="75"
                    WC="0.9667405188083649"></String>
          </TextLine>
          <TextLine ID="eSc_line_4195c54c"
                    TAGREFS="LT361"
                    BASELINE="518 351 567 342 830 331 1688 264 1922 252 2201 253" 
                    HPOS="513"
                    VPOS="195"
                    WIDTH="1688"
                    HEIGHT="185">
            <Shape><Polygon POINTS="2177 199 2159 195 2152 195 2020 203 1992 195 1978 195 1960 195 1943 195 1913 210 1871 203 1869 203 1867 203 1865 203 1853 212 1780 195 1778 195 1691 203 1690 203 1637 223 1593 208 1592 208 1590 208 1588 208 1510 237 1505 239 1501 239 1463 226 1461 226 1459 226 1457 226 1456 226 1443 235 1410 230 1408 230 1407 230 1376 246 1370 250 1214 259 1209 257 1164 237 1162 237 1160 237 1158 237 1080 261 1058 252 1057 252 1055 252 1053 252 1051 252 1028 270 1022 272 1008 272 864 257 863 257 687 270 685 270 649 286 596 277 594 277 592 277 513 302 518 351 518 380 631 364 692 371 732 377 734 377 805 366 926 344 952 357 962 360 964 360 966 360 1109 351 1111 351 1127 344 1149 337 1189 340 1218 344 1220 344 1222 344 1238 339 1282 319 1349 317 1390 328 1392 328 1394 328 1396 328 1490 306 1559 319 1568 319 1570 319 1572 319 1577 317 1624 295 1733 290 1777 304 1782 306 1784 306 1786 306 1804 302 1920 277 1942 286 1943 286 1945 288 2040 288 2040 286 2041 286 2067 273 2092 284 2094 284 2096 284 2201 277 2201 253 2188 203 2177 199"/></Shape>
	    <String CONTENT="Obervogt zu Rosenberg nacher hier kommen, welcher mihr"
                    HPOS="513"
                    VPOS="195"
                    WIDTH="1688"
                    HEIGHT="185"></String>
          </TextLine>
          <TextLine ID="eSc_line_e91f09cf"
                    TAGREFS="LT361"
                    BASELINE="505 435 1869 340 2185 333" 
                    HPOS="502"
                    VPOS="275"
                    WIDTH="1683"
                    HEIGHT="192">
            <Shape><Polygon POINTS="505 435 505 455 544 467 545 467 547 467 549 467 583 451 591 447 631 447 741 451 743 451 810 438 863 427 915 431 995 438 997 438 1151 427 1153 427 1194 417 1220 409 1249 413 1292 418 1294 418 1296 418 1340 408 1405 389 1532 384 1557 393 1559 393 1561 393 1682 373 1751 384 1755 384 1757 384 1758 384 1762 384 1838 362 1862 369 1864 369 1865 369 1947 355 2010 369 2016 369 2018 369 2020 369 2023 368 2059 357 2181 359 2185 333 2179 290 2052 295 2012 275 2010 275 2009 275 2007 275 2005 275 1974 293 1931 279 1929 279 1927 279 1925 279 1853 302 1806 288 1804 288 1802 288 1800 288 1720 317 1619 299 1617 299 1403 313 1401 313 1350 339 1301 320 1300 320 1298 320 1296 320 1233 351 1191 335 1189 335 1088 335 1086 335 1033 344 1031 344 1029 344 1004 364 915 348 913 348 828 351 826 351 825 351 774 382 774 384 502 400 505 435"/></Shape>
	    <String CONTENT="eine mündtliche commision von R. P. Honorato überbracht"
                    HPOS="502"
                    VPOS="275"
                    WIDTH="1683"
                    HEIGHT="192"></String>
          </TextLine>
          <TextLine ID="eSc_line_55cf2ac2"
                    TAGREFS="LT361"
                    BASELINE="505 505 1249 464 1572 435 2156 415" 
                    HPOS="505"
                    VPOS="351"
                    WIDTH="1651"
                    HEIGHT="187">
            <Shape><Polygon POINTS="505 484 505 505 507 538 710 514 794 520 817 522 819 522 821 522 834 518 879 505 908 513 919 516 921 516 922 516 924 516 941 511 997 493 1037 505 1049 509 1051 509 1053 509 1055 509 1071 504 1098 493 1113 500 1124 505 1126 505 1127 505 1196 502 1198 502 1200 502 1211 495 1216 491 1236 493 1260 495 1262 495 1263 495 1265 495 1271 491 1291 478 1443 478 1445 478 1584 460 1704 458 1713 462 1737 473 1738 473 1740 473 1878 455 1960 462 1962 462 1963 462 2003 444 2012 438 2156 433 2156 415 2152 369 2070 351 2069 351 1969 366 1898 360 1896 360 1894 360 1893 360 1853 386 1845 389 1757 393 1748 391 1693 371 1691 371 1690 371 1586 380 1584 380 1554 395 1523 380 1521 380 1519 380 1443 384 1260 404 1258 404 1211 420 1202 422 1196 420 1173 409 1171 409 1169 409 1167 409 1133 424 1127 427 988 431 961 417 959 417 957 417 850 438 841 440 837 440 794 422 792 422 790 422 788 422 786 422 750 444 747 446 738 446 701 440 699 440 616 451 614 451 582 437 580 437 578 437 576 437 540 455 536 458 511 458 505 484"/></Shape>
	    <String CONTENT="hat, welche, und was ich mit disem herrn gesprochen, und"
                    HPOS="505"
                    VPOS="351"
                    WIDTH="1651"
                    HEIGHT="187"></String>
          </TextLine>
          <TextLine ID="eSc_line_9335c4b6"
                    TAGREFS="LT361"
                    BASELINE="505 587 1648 514 2194 493" 
                    HPOS="504"
                    VPOS="435"
                    WIDTH="1690"
                    HEIGHT="181">
            <Shape><Polygon POINTS="504 567 505 587 505 614 574 603 607 611 625 616 627 616 629 616 674 607 699 603 768 603 875 603 875 602 877 602 901 594 933 587 970 591 995 594 997 594 999 594 1022 589 1093 569 1213 563 1311 573 1332 574 1334 574 1363 571 1488 547 1523 562 1525 562 1526 562 1528 562 1581 560 1583 560 1588 558 1628 540 1729 542 1731 542 1797 529 1844 542 1845 542 1847 542 1889 542 1951 538 1952 538 1954 538 1989 518 2052 525 2054 525 2056 525 2103 511 2143 525 2145 525 2146 525 2194 524 2194 493 2190 447 2141 437 2139 437 2137 437 2116 447 2092 435 2090 435 2088 435 2087 435 2085 435 2058 453 1987 447 1985 447 1983 447 1958 458 1929 449 1927 449 1925 449 1923 449 1922 449 1905 462 1827 456 1826 456 1824 456 1766 471 1738 458 1737 458 1675 456 1673 456 1572 464 1570 464 1568 464 1541 485 1466 489 1430 491 1428 491 1403 475 1401 475 1399 475 1398 475 1307 489 1278 480 1276 480 1274 480 1200 485 1198 485 1196 485 1176 498 1160 489 1158 489 1156 489 1071 493 1069 493 1024 513 1004 500 1002 500 1000 500 999 500 917 505 915 505 874 524 805 511 803 511 801 511 759 531 692 533 634 518 632 518 631 518 629 518 576 542 507 545 504 567"/></Shape>
	    <String CONTENT="underredet habe auß folgendtem schreiben umbständtlich"
                    HPOS="504"
                    VPOS="435"
                    WIDTH="1690"
                    HEIGHT="181"></String>
          </TextLine>
          <TextLine ID="eSc_line_4df35d4f"
                    TAGREFS="LT361"
                    BASELINE="507 656 1289 625" 
                    HPOS="504"
                    VPOS="580"
                    WIDTH="785"
                    HEIGHT="110">
            <Shape><Polygon POINTS="507 656 507 689 569 690 571 690 573 690 574 690 580 685 589 678 609 683 616 685 618 685 620 685 621 685 631 681 652 672 670 680 678 681 680 681 681 681 683 681 685 681 685 680 689 678 703 663 745 663 767 663 779 672 790 681 792 681 794 681 796 681 875 680 877 680 924 663 933 660 937 661 952 674 953 674 955 674 957 674 959 674 961 674 979 660 982 658 997 658 1028 660 1029 660 1031 660 1042 656 1058 649 1075 654 1115 665 1117 665 1118 665 1120 665 1122 665 1149 649 1155 645 1185 647 1267 650 1269 650 1271 650 1272 650 1289 640 1289 625 1285 596 1196 587 1194 587 1193 587 1153 598 1146 600 1142 598 1106 580 1104 580 1102 580 995 585 993 585 955 602 948 605 946 602 930 589 930 587 928 587 926 587 924 587 897 589 895 589 893 589 877 603 868 611 837 605 826 603 825 603 797 605 692 616 674 609 650 598 649 598 647 598 645 598 620 609 594 621 576 611 563 602 562 602 560 602 558 602 504 611 507 656"/></Shape>
	    <String CONTENT="zu vernemmen seyn wird."
                    HPOS="504"
                    VPOS="580"
                    WIDTH="785"
                    HEIGHT="110"></String>
          </TextLine>
          <TextLine ID="eSc_line_c297a8c3"
                    TAGREFS="LT361"
                    BASELINE="650 756 1185 738 1671 710 2156 698" 
                    HPOS="647"
                    VPOS="611"
                    WIDTH="1509"
                    HEIGHT="172">
            <Shape><Polygon POINTS="650 756 650 783 861 768 906 774 913 774 915 774 924 772 981 761 1002 768 1006 770 1008 770 1010 770 1011 770 1019 768 1046 759 1097 765 1120 767 1122 767 1160 761 1267 745 1318 745 1334 754 1341 757 1343 757 1345 757 1347 757 1349 757 1356 752 1370 743 1403 750 1416 752 1418 752 1441 748 1503 736 1613 734 1628 739 1637 743 1639 743 1641 743 1642 743 1662 738 1691 730 1709 736 1733 743 1735 743 1737 743 1855 738 1856 738 1876 728 1889 721 2005 719 2012 721 2029 728 2030 728 2032 728 2034 728 2056 719 2067 716 2156 716 2156 698 2152 638 2083 611 2081 611 2079 611 2078 611 2010 643 2005 647 1914 650 1836 650 1835 650 1786 621 1784 621 1782 621 1780 621 1715 625 1713 625 1635 652 1579 645 1577 645 1497 660 1405 638 1403 638 1325 640 1323 640 1321 640 1303 654 1285 641 1283 641 1282 641 1280 641 1167 645 1165 645 1098 681 928 687 912 676 910 676 908 676 906 676 904 676 875 690 843 690 806 667 805 667 803 667 801 667 799 667 774 680 745 661 743 661 741 661 739 661 705 663 703 663 701 663 647 694 650 756"/></Shape>
	    <String CONTENT="Schreiben an R. P. Honoratum Peÿer auf die"
                    HPOS="647"
                    VPOS="611"
                    WIDTH="1509"
                    HEIGHT="172"></String>
          </TextLine>
          <TextLine ID="eSc_line_496ff434"
                    TAGREFS="LT361"
                    BASELINE="504 845 1521 796 2219 776" 
                    HPOS="500"
                    VPOS="712"
                    WIDTH="1719"
                    HEIGHT="162">
            <Shape><Polygon POINTS="500 797 504 845 504 863 611 857 620 863 629 868 631 868 632 868 761 874 763 874 874 854 908 848 922 852 959 864 961 864 962 864 1022 863 1024 863 1049 848 1069 837 1129 846 1158 850 1160 850 1162 850 1184 845 1242 830 1287 841 1325 850 1327 850 1329 850 1367 839 1423 821 1501 821 1535 834 1546 837 1548 837 1550 837 1552 837 1554 837 1559 834 1590 816 1615 832 1624 837 1626 837 1628 837 1630 837 1632 837 1655 830 1670 826 1706 828 1757 832 1758 832 1760 832 1778 826 1836 806 2020 797 2112 816 2114 816 2116 816 2219 812 2219 776 2215 727 2154 712 2152 712 2150 712 2085 732 2061 741 1972 743 1960 738 1940 723 1938 723 1936 723 1907 723 1905 723 1904 723 1865 739 1845 750 1746 752 1720 745 1677 732 1675 732 1673 732 1588 736 1586 736 1546 750 1528 757 1512 752 1510 752 1508 752 1506 752 1505 752 1501 752 1454 767 1414 767 1379 757 1345 747 1343 747 1341 747 1340 747 1291 759 1240 776 1078 779 1026 768 984 761 982 761 981 761 944 772 917 779 884 774 857 770 855 770 854 770 839 776 794 792 748 779 725 772 723 772 721 772 500 786 500 797"/></Shape>
	    <String CONTENT="durch h. OberVogten Zur Gilgen mihr Zu gesante mündtliche"
                    HPOS="500"
                    VPOS="712"
                    WIDTH="1719"
                    HEIGHT="162"></String>
          </TextLine>
          <TextLine ID="eSc_line_f64006b7"
                    TAGREFS="LT361"
                    BASELINE="518 922 1726 870" 
                    HPOS="516"
                    VPOS="812"
                    WIDTH="1210"
                    HEIGHT="136">
            <Shape><Polygon POINTS="518 922 518 941 551 948 553 948 554 948 556 948 567 939 571 937 585 939 632 942 634 942 676 933 689 932 694 933 712 941 714 941 716 941 718 941 719 941 719 939 728 932 730 928 738 932 748 935 750 935 752 935 801 928 841 922 848 926 864 933 866 933 868 933 870 933 893 924 908 919 922 922 957 932 959 932 961 932 962 932 984 919 993 915 1042 917 1098 919 1100 919 1102 919 1124 913 1146 908 1162 912 1196 919 1198 919 1200 919 1225 910 1263 924 1265 924 1267 924 1374 901 1396 897 1407 901 1454 915 1456 915 1457 915 1601 910 1724 884 1726 870 1724 830 1671 812 1670 812 1668 812 1666 812 1664 812 1639 828 1628 819 1626 819 1624 819 1622 819 1621 819 1548 837 1512 819 1510 819 1508 819 1506 819 1466 830 1434 821 1432 821 1430 821 1428 821 1347 846 1265 828 1263 828 1262 828 1260 828 1231 852 1138 855 1102 835 1100 835 1098 835 1097 835 1051 859 890 845 888 845 803 863 786 855 785 855 783 855 781 855 779 855 756 872 681 872 650 855 649 855 647 855 645 855 591 881 516 883 518 922"/></Shape>
	    <String CONTENT="anthwort. de dato Lucern den 8. Junj 1746."
                    HPOS="516"
                    VPOS="812"
                    WIDTH="1210"
                    HEIGHT="136"></String>
          </TextLine>
          <TextLine ID="eSc_line_e4b9ae9e"
                    TAGREFS="LT361"
                    BASELINE="337 1055 511 1046" 
                    HPOS="335"
                    VPOS="979"
                    WIDTH="176"
                    HEIGHT="118">
            <Shape><Polygon POINTS="444 979 442 979 440 979 411 1002 397 1013 340 1017 335 1039 337 1055 337 1080 375 1080 391 1086 424 1097 426 1097 427 1097 511 1089 511 1046 505 982 446 979 444 979"/></Shape>
	    <String CONTENT="litt. H."
                    HPOS="335"
                    VPOS="979"
                    WIDTH="176"
                    HEIGHT="118"></String>
          </TextLine>
          <TextLine ID="eSc_line_61a92942"
                    TAGREFS="LT361"
                    BASELINE="560 1037 1155 1024 1889 993 2230 993" 
                    HPOS="556"
                    VPOS="917"
                    WIDTH="1674"
                    HEIGHT="152">
            <Shape><Polygon POINTS="560 1037 560 1055 665 1055 669 1055 690 1068 692 1068 801 1069 803 1069 917 1066 919 1066 970 1049 1042 1062 1044 1062 1046 1062 1102 1046 1120 1040 1146 1044 1224 1057 1225 1057 1343 1040 1365 1037 1372 1039 1394 1048 1396 1048 1398 1048 1399 1048 1439 1037 1470 1029 1514 1035 1586 1046 1588 1046 1590 1046 1615 1033 1626 1028 1668 1031 1744 1040 1746 1040 1748 1040 1768 1029 1786 1020 1845 1028 1876 1031 1878 1031 1880 1031 1889 1028 1907 1017 2092 1020 2094 1020 2195 1008 2228 1019 2230 993 2226 937 2125 941 2116 939 2045 917 2043 917 2041 917 2040 917 2038 917 2009 935 1826 932 1824 932 1822 932 1771 948 1768 948 1757 948 1671 942 1670 942 1621 952 1590 957 1572 953 1554 948 1552 948 1550 948 1512 953 1483 959 1476 955 1465 948 1463 948 1461 948 1459 948 1457 948 1443 955 1437 959 1358 959 1285 959 1256 944 1254 944 1253 944 1251 944 1249 944 1222 961 1213 966 1194 962 1126 946 1124 946 1122 946 1077 964 1060 973 903 977 888 970 859 953 857 953 801 953 799 953 654 959 556 977 560 1037"/></Shape>
	    <String CONTENT="Es setzet mich nicht in eine geringe Verwunderung,"
                    HPOS="556"
                    VPOS="917"
                    WIDTH="1674"
                    HEIGHT="152"></String>
          </TextLine>
          <TextLine ID="eSc_line_4029bf73"
                    TAGREFS="LT361"
                    BASELINE="520 1129 732 1115 2232 1062" 
                    HPOS="516"
                    VPOS="1011"
                    WIDTH="1716"
                    HEIGHT="131">
            <Shape><Polygon POINTS="520 1129 520 1142 926 1138 1011 1126 1040 1122 1046 1124 1055 1131 1057 1131 1058 1131 1060 1131 1240 1118 1271 1126 1272 1126 1274 1126 1276 1126 1321 1115 1336 1111 1349 1113 1389 1120 1390 1120 1392 1120 1412 1111 1418 1107 1588 1100 1686 1100 1688 1100 1702 1109 1704 1109 1706 1109 1708 1109 1709 1109 1737 1098 1742 1097 1766 1097 1889 1104 1891 1104 1893 1104 1934 1091 1936 1091 1994 1098 1996 1098 1998 1098 2000 1098 2018 1088 2020 1086 2232 1078 2232 1062 2226 1028 2083 1029 2040 1011 2038 1011 2036 1011 2034 1011 1987 1033 1981 1035 1963 1033 1880 1024 1878 1024 1811 1037 1795 1040 1787 1039 1753 1024 1751 1024 1749 1024 1748 1024 1720 1039 1684 1024 1682 1024 1680 1024 1679 1024 1606 1042 1575 1051 1485 1051 1466 1046 1428 1033 1427 1033 1425 1033 1349 1046 1294 1039 1292 1039 1291 1039 1249 1051 1236 1055 1211 1053 1135 1044 1133 1044 1131 1044 1100 1055 1068 1068 1020 1057 982 1049 981 1049 979 1049 953 1058 915 1073 852 1062 830 1058 828 1058 826 1058 816 1062 797 1069 786 1064 777 1057 776 1057 774 1057 772 1057 770 1057 768 1057 757 1064 748 1069 712 1066 667 1060 665 1060 516 1069 520 1129"/></Shape>
	    <String CONTENT="daß sech der Herr Vetter auf mein letsteres undter dem"
                    HPOS="516"
                    VPOS="1011"
                    WIDTH="1716"
                    HEIGHT="131"></String>
          </TextLine>
          <TextLine ID="eSc_line_94100e1b"
                    TAGREFS="LT361"
                    BASELINE="525 1202 1916 1149 2241 1144" 
                    HPOS="522"
                    VPOS="1091"
                    WIDTH="1719"
                    HEIGHT="133">
            <Shape><Polygon POINTS="525 1202 525 1220 707 1214 719 1216 761 1224 763 1224 861 1211 888 1209 904 1211 1017 1222 1019 1222 1080 1211 1165 1216 1167 1216 1253 1198 1274 1194 1280 1198 1292 1205 1294 1205 1296 1205 1298 1205 1300 1205 1329 1196 1336 1194 1345 1196 1412 1207 1414 1207 1416 1207 1474 1191 1486 1189 1496 1191 1546 1202 1548 1202 1550 1202 1593 1189 1624 1198 1626 1198 1628 1198 1697 1187 1842 1191 1844 1191 1845 1191 1847 1191 1862 1178 1869 1173 1914 1169 1963 1175 2025 1184 2027 1184 2029 1184 2056 1173 2079 1164 2239 1165 2241 1144 2237 1104 2059 1098 2058 1098 2005 1111 1998 1111 1994 1111 1909 1091 1907 1091 1905 1091 1862 1107 1782 1107 1780 1107 1778 1107 1777 1107 1760 1118 1757 1120 1751 1118 1715 1107 1713 1107 1711 1107 1646 1115 1619 1102 1617 1102 1615 1102 1613 1102 1579 1117 1448 1117 1447 1117 1445 1117 1419 1129 1408 1135 1298 1136 1280 1133 1220 1122 1218 1122 1184 1124 1182 1124 1180 1124 1162 1136 1156 1142 1151 1138 1135 1127 1133 1127 1131 1127 1071 1127 1069 1127 1068 1127 1013 1142 1010 1142 1008 1142 941 1127 939 1127 937 1127 886 1146 881 1147 875 1146 835 1136 834 1136 832 1136 830 1136 808 1149 799 1153 785 1149 727 1135 725 1135 723 1135 574 1140 573 1140 522 1156 525 1202"/></Shape>
	    <String CONTENT="5t Martij weitleüffig und umbständtliches, jedanoch unum¬"
                    HPOS="522"
                    VPOS="1091"
                    WIDTH="1719"
                    HEIGHT="133"></String>
          </TextLine>
          <TextLine ID="eSc_line_f4cc3d04"
                    TAGREFS="LT361"
                    BASELINE="531 1282 2226 1216" 
                    HPOS="527"
                    VPOS="1165"
                    WIDTH="1699"
                    HEIGHT="156">
            <Shape><Polygon POINTS="531 1282 533 1321 580 1311 739 1311 741 1311 743 1311 745 1311 772 1292 816 1289 1158 1278 1205 1291 1207 1291 1209 1291 1211 1291 1260 1274 1301 1282 1303 1282 1305 1282 1332 1271 1369 1287 1376 1289 1378 1289 1379 1289 1381 1289 1390 1285 1418 1274 1521 1280 1561 1282 1563 1282 1564 1282 1575 1278 1615 1262 1682 1272 1706 1276 1708 1276 1780 1272 1782 1272 1784 1272 1789 1269 1807 1254 1869 1265 1894 1269 1896 1269 2027 1260 2029 1260 2038 1258 2103 1242 2224 1249 2226 1216 2219 1165 1985 1187 1878 1189 1864 1180 1862 1180 1860 1180 1858 1180 1849 1182 1797 1193 1757 1185 1726 1180 1724 1180 1722 1180 1704 1187 1693 1193 1682 1189 1661 1182 1659 1182 1657 1182 1606 1193 1584 1196 1554 1194 1472 1189 1470 1189 1468 1189 1432 1200 1419 1204 1385 1202 1283 1196 1282 1196 1280 1196 1245 1209 1227 1214 1205 1211 1180 1205 1178 1205 1176 1205 1155 1213 1138 1218 1126 1214 1098 1204 1097 1204 1095 1204 1022 1218 995 1225 870 1227 866 1225 841 1214 839 1214 837 1214 835 1214 834 1214 812 1229 806 1231 788 1229 709 1220 707 1220 705 1220 670 1234 665 1236 654 1234 598 1227 596 1227 527 1240 531 1282"/></Shape>
	    <String CONTENT="¬gänglich, Notwendg und darzu aufrichtig, bestgesint und"
                    HPOS="527"
                    VPOS="1165"
                    WIDTH="1699"
                    HEIGHT="156"></String>
          </TextLine>
          <TextLine ID="eSc_line_9ffe2eaa"
                    TAGREFS="LT361"
                    BASELINE="525 1358 1416 1329 2009 1300 2252 1296" 
                    HPOS="524"
                    VPOS="1249"
                    WIDTH="1728"
                    HEIGHT="141">
            <Shape><Polygon POINTS="525 1358 525 1390 674 1389 676 1389 683 1385 728 1369 799 1379 821 1383 823 1383 959 1378 961 1378 979 1372 1015 1361 1046 1369 1066 1374 1068 1374 1069 1374 1111 1367 1169 1354 1207 1360 1209 1360 1211 1360 1213 1360 1229 1347 1276 1347 1311 1356 1334 1363 1336 1363 1338 1363 1340 1363 1356 1354 1372 1345 1387 1352 1403 1361 1405 1361 1407 1361 1408 1361 1410 1361 1425 1352 1427 1350 1430 1350 1465 1360 1466 1360 1468 1360 1583 1345 1671 1330 1746 1330 1769 1336 1816 1347 1818 1347 1853 1345 1855 1345 1856 1345 1876 1330 1885 1323 2250 1312 2252 1296 2246 1251 2139 1249 2137 1249 2136 1249 2125 1254 2101 1267 2032 1258 2023 1258 2021 1258 2012 1260 1949 1272 1907 1263 1889 1260 1887 1260 1885 1260 1871 1265 1838 1278 1729 1280 1697 1272 1679 1267 1677 1267 1675 1267 1673 1267 1653 1274 1628 1282 1608 1276 1590 1269 1588 1269 1586 1269 1419 1282 1418 1282 1416 1282 1414 1283 1396 1294 1285 1294 1258 1289 1218 1282 1216 1282 1214 1282 1180 1292 1173 1294 1162 1292 1111 1285 1109 1285 1107 1285 1080 1296 1057 1305 977 1300 875 1294 874 1294 872 1294 870 1294 857 1305 855 1305 846 1305 792 1305 790 1305 788 1305 779 1309 757 1318 524 1318 525 1358"/></Shape>
	    <String CONTENT="wohl gemaintistes schreiben sich nicht nur nicht gewürdiget"
                    HPOS="524"
                    VPOS="1249"
                    WIDTH="1728"
                    HEIGHT="141"></String>
          </TextLine>
          <TextLine ID="eSc_line_18bcde81"
                    TAGREFS="LT361"
                    BASELINE="538 1427 2241 1370" 
                    HPOS="534"
                    VPOS="1320"
                    WIDTH="1707"
                    HEIGHT="143">
            <Shape><Polygon POINTS="538 1427 542 1456 554 1447 576 1454 600 1463 602 1463 603 1463 799 1457 801 1457 826 1448 855 1437 915 1445 966 1452 968 1452 970 1452 984 1443 1008 1430 1142 1427 1173 1439 1180 1441 1182 1441 1184 1441 1185 1441 1196 1437 1218 1432 1236 1437 1249 1441 1251 1441 1253 1441 1254 1441 1267 1436 1309 1421 1370 1434 1392 1437 1394 1437 1396 1437 1405 1432 1430 1419 1526 1414 1613 1427 1635 1430 1637 1430 1639 1430 1650 1427 1697 1408 1744 1408 1769 1423 1773 1425 1775 1425 1777 1425 1778 1425 1784 1423 1838 1405 1891 1421 1894 1421 1896 1421 1898 1421 1900 1421 1905 1419 1943 1407 2007 1418 2014 1418 2016 1418 2018 1418 2020 1418 2059 1396 2130 1394 2181 1410 2183 1410 2185 1412 2241 1412 2241 1370 2234 1320 1947 1325 1945 1325 1933 1332 1904 1349 1838 1349 1816 1336 1815 1336 1813 1336 1811 1336 1809 1336 1806 1338 1778 1350 1731 1340 1691 1332 1690 1332 1688 1332 1661 1343 1632 1356 1606 1345 1583 1336 1581 1336 1579 1336 1577 1336 1543 1349 1510 1360 1445 1352 1361 1343 1360 1343 1282 1356 1267 1349 1265 1349 1263 1349 1262 1349 1260 1349 1247 1360 1222 1352 1220 1352 1218 1352 1216 1352 1171 1365 1136 1372 1082 1369 986 1360 984 1360 982 1360 935 1374 915 1379 893 1376 839 1367 837 1367 835 1367 788 1381 777 1383 768 1381 745 1374 743 1374 741 1374 692 1385 681 1387 676 1385 650 1374 649 1374 647 1374 645 1374 643 1374 623 1387 620 1390 534 1390 538 1427"/></Shape>
	    <String CONTENT="mihr schrifftlich zu beantworten, sondren durch S. J. Hr. OberVogt"
                    HPOS="534"
                    VPOS="1320"
                    WIDTH="1707"
                    HEIGHT="143"></String>
          </TextLine>
          <TextLine ID="eSc_line_cab1d0f2"
                    TAGREFS="LT361"
                    BASELINE="2422 1379 2440 1379" 
                    HPOS="2422"
                    VPOS="1332"
                    WIDTH="18"
                    HEIGHT="67">
            <Shape><Polygon POINTS="2422 1379 2422 1398 2438 1399 2440 1379 2440 1332 2422 1332 2422 1379"/></Shape>
	    <String CONTENT=""
                    HPOS="2422"
                    VPOS="1332"
                    WIDTH="18"
                    HEIGHT="67"></String>
          </TextLine>
          <TextLine ID="eSc_line_c423340a"
                    TAGREFS="LT361"
                    BASELINE="542 1510 1510 1486 2237 1450" 
                    HPOS="538"
                    VPOS="1401"
                    WIDTH="1699"
                    HEIGHT="142">
            <Shape><Polygon POINTS="542 1510 542 1528 670 1528 699 1543 701 1543 703 1543 705 1543 759 1523 765 1521 768 1521 806 1532 808 1532 810 1532 868 1519 875 1517 879 1519 917 1535 919 1535 921 1535 1006 1532 1008 1532 1049 1515 1135 1523 1136 1523 1138 1523 1165 1510 1236 1517 1238 1517 1289 1508 1349 1521 1350 1521 1490 1508 1564 1514 1566 1514 1661 1494 1679 1490 1702 1492 1836 1505 1838 1505 1929 1485 1949 1479 2029 1479 2032 1481 2059 1496 2061 1496 2063 1497 2108 1497 2108 1496 2110 1496 2145 1477 2150 1476 2237 1476 2237 1450 2228 1401 2157 1427 2078 1414 2076 1414 1942 1434 1887 1414 1885 1414 1884 1414 1827 1423 1682 1419 1675 1419 1673 1419 1671 1419 1615 1447 1497 1447 1463 1430 1461 1430 1410 1428 1405 1428 1403 1428 1381 1428 1369 1430 1367 1430 1365 1430 1338 1450 1278 1441 1276 1441 1274 1441 1233 1457 1068 1454 1066 1454 968 1468 837 1468 770 1450 768 1450 767 1450 765 1450 721 1465 694 1456 692 1456 690 1456 689 1456 647 1472 605 1456 603 1456 602 1456 538 1456 542 1510"/></Shape>
	    <String CONTENT="von Rosenberg eine mündtliche, und dem schein nach gantz"
                    HPOS="538"
                    VPOS="1401"
                    WIDTH="1699"
                    HEIGHT="142"></String>
          </TextLine>
          <TextLine ID="eSc_line_aa64a4b9"
                    TAGREFS="LT361"
                    BASELINE="536 1593 1408 1573 2199 1537" 
                    HPOS="534"
                    VPOS="1486"
                    WIDTH="1665"
                    HEIGHT="146">
            <Shape><Polygon POINTS="536 1593 536 1615 580 1615 609 1632 611 1632 612 1632 614 1632 616 1632 699 1610 825 1610 850 1624 852 1624 854 1624 973 1621 1126 1615 1127 1615 1191 1593 1191 1592 1220 1592 1247 1592 1296 1610 1298 1610 1300 1610 1412 1595 1437 1604 1439 1604 1441 1604 1443 1604 1472 1592 1539 1601 1541 1601 1543 1601 1573 1584 1599 1595 1601 1595 1602 1595 1604 1595 1642 1579 1753 1593 1755 1593 1757 1593 1797 1573 1840 1586 1842 1586 1844 1586 1947 1570 2021 1584 2023 1584 2025 1584 2065 1566 2152 1581 2154 1581 2156 1581 2199 1559 2199 1537 2192 1486 2128 1488 2127 1488 2125 1488 2056 1510 2010 1494 2005 1492 2003 1492 2001 1492 1840 1497 1838 1497 1827 1501 1782 1521 1684 1521 1659 1508 1653 1506 1651 1506 1650 1506 1648 1506 1639 1510 1610 1519 1586 1512 1570 1506 1568 1506 1566 1506 1499 1515 1401 1528 1363 1521 1334 1515 1332 1515 1330 1515 1314 1523 1289 1537 1151 1539 1118 1532 1086 1523 1084 1523 1082 1523 1080 1523 1048 1534 1033 1539 1011 1535 982 1532 981 1532 979 1532 977 1532 968 1537 952 1548 874 1548 857 1543 845 1537 843 1537 841 1537 839 1537 814 1544 786 1552 757 1546 698 1535 696 1535 694 1535 663 1550 654 1557 534 1557 536 1593"/></Shape>
	    <String CONTENT="Simple antwort haben ertheilen lassen; bedancke mich"
                    HPOS="534"
                    VPOS="1486"
                    WIDTH="1665"
                    HEIGHT="146"></String>
          </TextLine>
          <TextLine ID="eSc_line_2aace795"
                    TAGREFS="LT361"
                    BASELINE="549 1671 2252 1628" 
                    HPOS="547"
                    VPOS="1581"
                    WIDTH="1705"
                    HEIGHT="132">
            <Shape><Polygon POINTS="549 1671 549 1693 607 1713 609 1713 611 1713 612 1713 614 1713 645 1693 645 1691 692 1690 772 1690 779 1690 850 1706 852 1706 953 1688 977 1684 997 1688 1075 1700 1077 1700 1131 1690 1309 1691 1311 1691 1312 1691 1314 1691 1327 1682 1340 1675 1405 1680 1494 1690 1496 1690 1497 1690 1525 1679 1541 1673 1561 1679 1579 1684 1581 1684 1583 1684 1615 1679 1664 1668 1697 1677 1722 1684 1724 1684 1726 1684 2018 1677 2020 1677 2021 1677 2029 1671 2054 1655 2170 1655 2201 1670 2206 1671 2208 1671 2210 1671 2252 1668 2252 1628 2248 1584 1972 1581 1971 1581 1969 1581 1945 1593 1933 1601 1896 1601 1871 1595 1829 1584 1827 1584 1826 1584 1690 1588 1688 1588 1686 1588 1664 1602 1655 1606 1583 1604 1521 1602 1519 1602 1496 1606 1468 1612 1437 1608 1336 1597 1334 1597 1332 1597 1330 1597 1307 1612 1262 1599 1260 1599 1258 1599 1218 1601 1216 1601 1214 1601 1189 1617 1184 1619 1149 1617 1039 1612 1037 1612 982 1622 973 1624 966 1622 906 1608 904 1608 903 1608 792 1628 770 1617 768 1617 767 1617 672 1632 603 1619 602 1619 600 1619 547 1635 549 1671"/></Shape>
	    <String CONTENT="also aufs wenigist, daß sin mihr parte haben geben lassen wollen"
                    HPOS="547"
                    VPOS="1581"
                    WIDTH="1705"
                    HEIGHT="132"></String>
          </TextLine>
          <TextLine ID="eSc_line_f644333a"
                    TAGREFS="LT361"
                    BASELINE="547 1746 1350 1733 2252 1700" 
                    HPOS="545"
                    VPOS="1655"
                    WIDTH="1707"
                    HEIGHT="116">
            <Shape><Polygon POINTS="547 1746 547 1768 948 1757 970 1760 1033 1771 1035 1771 1146 1769 1209 1755 1222 1751 1233 1753 1276 1766 1278 1766 1280 1766 1466 1751 1528 1758 1530 1758 1532 1758 1534 1758 1552 1746 1559 1740 1595 1744 1679 1755 1680 1755 1682 1755 1722 1742 1738 1737 1778 1740 1878 1749 1880 1749 1940 1737 1971 1729 1994 1735 2038 1744 2040 1744 2250 1728 2252 1700 2246 1655 2161 1657 2159 1657 2157 1657 2116 1677 2085 1668 2083 1668 2081 1668 2079 1668 2036 1679 1965 1664 1963 1664 1962 1664 1960 1664 1936 1675 1893 1666 1880 1664 1878 1664 1876 1664 1867 1668 1827 1680 1686 1673 1639 1671 1637 1671 1635 1671 1621 1675 1588 1684 1566 1679 1564 1679 1563 1679 1561 1679 1559 1679 1534 1695 1463 1695 1427 1682 1412 1677 1410 1677 1408 1677 1341 1686 1207 1704 1176 1704 1158 1691 1147 1684 1146 1684 1144 1684 1142 1684 1140 1684 1106 1693 1057 1706 908 1702 906 1702 777 1713 747 1706 716 1697 714 1697 712 1697 710 1697 690 1708 678 1715 665 1708 650 1700 649 1700 647 1700 545 1711 547 1746"/></Shape>
	    <String CONTENT="wie sie mein schreiben erhalten, welches mihr wenigstens"
                    HPOS="545"
                    VPOS="1655"
                    WIDTH="1707"
                    HEIGHT="116"></String>
          </TextLine>
          <TextLine ID="eSc_line_aab3be9a"
                    TAGREFS="LT361"
                    BASELINE="554 1827 1528 1813 2230 1784" 
                    HPOS="553"
                    VPOS="1737"
                    WIDTH="1677"
                    HEIGHT="127">
            <Shape><Polygon POINTS="554 1827 554 1849 667 1844 687 1847 779 1864 781 1864 783 1864 834 1842 837 1840 919 1838 924 1840 964 1858 966 1858 968 1858 1058 1856 1060 1856 1062 1856 1082 1844 1124 1855 1126 1855 1127 1855 1234 1853 1341 1831 1425 1847 1427 1847 1428 1847 1430 1847 1450 1835 1612 1844 1613 1844 1615 1844 1713 1818 1719 1818 1722 1818 1813 1838 1815 1838 1816 1838 1855 1816 1911 1813 1929 1813 1933 1813 2020 1833 2021 1833 2023 1833 2070 1809 2072 1807 2230 1804 2230 1784 2224 1753 2087 1753 2049 1737 2047 1737 1991 1737 1989 1737 1987 1737 1965 1746 1862 1744 1860 1744 1858 1744 1856 1744 1833 1760 1829 1764 1726 1764 1722 1764 1675 1748 1673 1748 1671 1748 1559 1766 1492 1749 1490 1749 1488 1749 1394 1771 1381 1773 1367 1771 1265 1758 1263 1758 1262 1758 1204 1775 1198 1777 1196 1775 1164 1758 1162 1758 1160 1758 1080 1775 1008 1760 1006 1760 857 1764 855 1764 854 1764 830 1778 781 1769 779 1769 777 1769 732 1782 685 1769 683 1769 681 1769 680 1769 647 1787 641 1791 553 1791 554 1827"/></Shape>
	    <String CONTENT="ein trosts daß dasselbe gahr auf der Post nicht verlohren"
                    HPOS="553"
                    VPOS="1737"
                    WIDTH="1677"
                    HEIGHT="127"></String>
          </TextLine>
          <TextLine ID="eSc_line_96a5bfc2"
                    TAGREFS="LT361"
                    BASELINE="544 1904 1581 1884 2273 1853" 
                    HPOS="542"
                    VPOS="1806"
                    WIDTH="1731"
                    HEIGHT="141">
            <Shape><Polygon POINTS="544 1904 544 1947 580 1947 582 1947 583 1947 612 1927 670 1945 674 1945 676 1945 678 1945 689 1943 812 1918 893 1927 895 1927 897 1927 921 1918 986 1931 1011 1936 1013 1936 1046 1929 1080 1922 1136 1925 1211 1931 1213 1931 1214 1931 1242 1922 1283 1907 1325 1918 1327 1918 1329 1918 1330 1918 1332 1918 1336 1918 1370 1907 1389 1914 1403 1922 1405 1922 1407 1922 1408 1922 1439 1913 1485 1900 1517 1911 1526 1913 1528 1913 1530 1913 1532 1913 1546 1909 1570 1902 1583 1907 1606 1918 1608 1918 1610 1920 1684 1920 1684 1918 1782 1914 1784 1914 1816 1900 1842 1913 1844 1913 1845 1913 1847 1913 1896 1898 1958 1909 1960 1909 1962 1909 2014 1889 2027 1885 2049 1889 2081 1893 2083 1893 2272 1878 2273 1853 2268 1806 2205 1807 2203 1807 2145 1829 2116 1811 2114 1809 2112 1809 2110 1809 2081 1809 2079 1809 2050 1813 1929 1833 1900 1818 1898 1818 1896 1818 1894 1818 1874 1820 1798 1829 1769 1824 1748 1820 1746 1820 1744 1820 1742 1820 1735 1826 1709 1840 1637 1829 1619 1827 1617 1827 1615 1827 1604 1831 1575 1840 1515 1835 1499 1833 1497 1833 1496 1833 1488 1835 1454 1847 1432 1836 1412 1827 1410 1827 1408 1827 1341 1829 1292 1831 1291 1831 1289 1831 1269 1844 1253 1855 1158 1855 1140 1849 1122 1842 1120 1842 1118 1842 1117 1842 1102 1849 1088 1858 993 1860 982 1855 962 1845 961 1845 959 1845 886 1858 854 1864 832 1860 759 1849 757 1849 756 1849 725 1865 721 1867 542 1871 544 1904"/></Shape>
	    <String CONTENT="gangen, wie ich sorgete; jedeßen aber muß ich aus dar münd¬"
                    HPOS="542"
                    VPOS="1806"
                    WIDTH="1731"
                    HEIGHT="141"></String>
          </TextLine>
          <TextLine ID="eSc_line_8c6bd9c5"
                    TAGREFS="LT361"
                    BASELINE="549 1976 2263 1943" 
                    HPOS="547"
                    VPOS="1896"
                    WIDTH="1716"
                    HEIGHT="116">
            <Shape><Polygon POINTS="549 1976 551 2005 576 1992 611 2003 636 2012 638 2012 640 2012 692 2001 756 1989 783 2000 816 2012 817 2012 819 2012 1024 2009 1122 1992 1269 2003 1271 2003 1272 2003 1301 1987 1318 1978 1421 1976 1437 1983 1466 2000 1468 2000 1470 2001 1499 2001 1499 2000 1632 1980 1670 1974 1706 1978 1766 1983 1768 1983 1769 1983 1771 1983 1780 1976 1787 1971 1804 1976 1818 1980 1820 1980 1822 1980 1864 1974 1898 1969 1909 1972 1934 1983 1936 1983 1938 1983 1940 1983 1942 1983 1960 1971 1969 1965 2092 1963 2107 1969 2123 1974 2125 1974 2127 1974 2128 1974 2156 1967 2176 1962 2261 1963 2263 1943 2259 1916 2170 1916 2070 1896 2069 1896 2023 1898 2021 1898 1972 1922 1657 1925 1584 1907 1583 1907 1499 1907 1497 1907 1496 1907 1456 1922 1399 1911 1398 1911 1220 1913 1218 1913 1216 1913 1182 1934 1051 1920 1049 1920 1048 1920 1006 1934 955 1918 953 1918 952 1918 950 1918 948 1918 915 1940 739 1922 738 1922 736 1922 665 1943 596 1925 594 1925 592 1925 591 1925 547 1945 549 1976"/></Shape>
	    <String CONTENT="¬lich antwort schliessen, daß der Hr Vetter mein schreiben nur"
                    HPOS="547"
                    VPOS="1896"
                    WIDTH="1716"
                    HEIGHT="116"></String>
          </TextLine>
          <TextLine ID="eSc_line_92e410b0"
                    TAGREFS="LT361"
                    BASELINE="562 2043 1737 2032 2253 2012" 
                    HPOS="560"
                    VPOS="1967"
                    WIDTH="1693"
                    HEIGHT="105">
            <Shape><Polygon POINTS="562 2043 562 2059 783 2059 785 2059 810 2070 812 2070 814 2070 816 2070 855 2059 864 2058 875 2059 948 2072 950 2072 952 2072 997 2058 1006 2056 1040 2058 1204 2069 1205 2069 1370 2065 1372 2065 1374 2065 1387 2056 1419 2065 1421 2065 1423 2065 1425 2065 1461 2054 1472 2050 1501 2052 1593 2063 1595 2063 1651 2052 1677 2047 1733 2050 1804 2056 1806 2056 1807 2056 1831 2050 1856 2043 1894 2049 1947 2058 1949 2058 2036 2056 2038 2056 2054 2047 2067 2041 2079 2047 2098 2056 2099 2056 2101 2056 2103 2056 2136 2047 2163 2040 2188 2047 2217 2054 2219 2054 2221 2054 2223 2054 2253 2045 2253 2012 2248 1967 2041 1978 2021 1972 2012 1971 2010 1971 2009 1971 2007 1971 1994 1974 1962 1981 1931 1976 1914 1972 1913 1972 1911 1972 1900 1976 1849 1996 1786 1980 1764 1974 1762 1974 1760 1974 1593 1976 1592 1976 1566 1985 1530 2000 1456 1991 1454 1991 1452 1991 1450 1991 1432 2003 1369 2003 1314 1992 1292 1991 1291 1991 1289 1991 1282 1994 1262 2005 1194 2005 1075 2005 1068 2000 1051 1992 1049 1992 1048 1992 1046 1992 1029 2001 1019 2007 1000 2001 971 1994 970 1994 968 1994 966 1994 946 2003 935 2010 846 2010 841 2007 803 1991 801 1991 739 1989 738 1989 736 1989 734 1989 707 2007 661 1996 660 1996 658 1996 656 1996 625 2012 623 2014 560 2014 562 2043"/></Shape>
	    <String CONTENT="obwer daher gelesen, massen nur auf die allerschlechtiste Punch"
                    HPOS="560"
                    VPOS="1967"
                    WIDTH="1693"
                    HEIGHT="105"></String>
          </TextLine>
          <TextLine ID="eSc_line_98207392"
                    TAGREFS="LT361"
                    BASELINE="567 2117 1610 2108 2244 2092" 
                    HPOS="565"
                    VPOS="2049"
                    WIDTH="1679"
                    HEIGHT="105">
            <Shape><Polygon POINTS="567 2117 567 2136 690 2136 723 2152 725 2152 727 2154 768 2154 768 2152 770 2152 834 2134 841 2132 899 2132 903 2134 932 2150 933 2150 935 2150 937 2152 973 2152 973 2150 975 2150 1015 2139 1086 2146 1088 2146 1089 2146 1091 2146 1107 2136 1135 2146 1136 2146 1138 2148 1247 2148 1247 2146 1249 2146 1278 2132 1289 2127 1305 2132 1341 2143 1343 2143 1345 2143 1347 2143 1376 2132 1454 2143 1456 2143 1579 2130 1621 2127 1637 2130 1653 2134 1655 2134 1657 2134 1659 2134 1661 2134 1666 2130 1682 2121 1713 2121 1729 2130 1746 2139 1748 2139 1749 2139 1751 2139 1804 2130 1858 2119 1965 2119 1991 2128 2014 2136 2016 2136 2018 2137 2049 2137 2049 2136 2050 2136 2065 2128 2087 2116 2143 2117 2161 2128 2174 2134 2176 2134 2177 2134 2244 2127 2244 2092 2241 2058 2148 2049 2146 2049 2145 2049 2121 2058 2108 2063 2079 2058 2027 2050 2025 2050 2023 2050 2003 2059 1994 2063 1976 2059 1945 2054 1943 2054 1909 2059 1867 2069 1806 2061 1769 2058 1768 2058 1731 2063 1699 2067 1691 2063 1680 2056 1679 2056 1677 2056 1675 2056 1673 2056 1659 2063 1641 2072 1612 2063 1608 2063 1606 2063 1604 2063 1592 2063 1515 2072 1499 2065 1483 2058 1481 2058 1479 2058 1477 2058 1461 2065 1443 2076 1379 2078 1296 2078 1280 2067 1267 2061 1265 2061 1263 2061 1262 2061 1236 2069 1196 2078 1165 2069 1142 2061 1140 2061 1138 2061 1068 2063 1066 2063 1064 2063 1055 2070 1046 2076 1015 2070 975 2063 973 2063 917 2070 834 2085 685 2085 665 2074 652 2069 650 2069 649 2069 565 2074 567 2117"/></Shape>
	    <String CONTENT="und auf das Essential nicht geantwohrtet wird; welches beÿ"
                    HPOS="565"
                    VPOS="2049"
                    WIDTH="1679"
                    HEIGHT="105"></String>
          </TextLine>
          <TextLine ID="eSc_line_51afa6ad"
                    TAGREFS="LT361"
                    BASELINE="562 2188 1321 2192 2243 2172" 
                    HPOS="562"
                    VPOS="2123"
                    WIDTH="1681"
                    HEIGHT="111">
            <Shape><Polygon POINTS="562 2234 665 2234 667 2234 728 2212 850 2212 884 2228 888 2230 890 2230 892 2230 901 2228 946 2217 966 2226 968 2226 970 2226 971 2226 1000 2214 1039 2226 1053 2230 1055 2230 1057 2230 1058 2230 1078 2224 1135 2208 1191 2223 1220 2228 1222 2228 1267 2221 1289 2217 1323 2219 1410 2224 1412 2224 1414 2224 1416 2224 1427 2217 1436 2210 1566 2203 1635 2212 1715 2223 1717 2223 1798 2221 1800 2221 1802 2221 1824 2208 1836 2199 2043 2199 2052 2203 2076 2212 2078 2212 2079 2212 2081 2212 2110 2201 2121 2197 2128 2201 2163 2217 2165 2217 2166 2217 2168 2217 2201 2199 2205 2197 2239 2197 2243 2172 2241 2145 2199 2130 2197 2130 2195 2130 2194 2130 2150 2141 2101 2123 2099 2123 2098 2123 2096 2123 2050 2145 2047 2148 1943 2148 1938 2145 1885 2125 1884 2125 1882 2125 1717 2127 1715 2127 1668 2146 1659 2152 1476 2152 1463 2146 1428 2134 1427 2134 1425 2134 1423 2134 1370 2148 1345 2154 1280 2148 1254 2146 1253 2146 1214 2148 1102 2156 1088 2148 1058 2136 1057 2136 1004 2136 1002 2136 1000 2136 999 2136 979 2150 971 2154 964 2150 935 2136 933 2136 932 2136 770 2137 768 2137 739 2150 738 2150 680 2139 678 2139 676 2139 645 2150 627 2157 562 2152 562 2188 562 2234"/></Shape>
	    <String CONTENT="mihr und beÿ höcheren Persohnen ein anzeig, daß man schlechte"
                    HPOS="562"
                    VPOS="2123"
                    WIDTH="1681"
                    HEIGHT="111"></String>
          </TextLine>
          <TextLine ID="eSc_line_542cc203"
                    TAGREFS="LT361"
                    BASELINE="580 2263 1447 2268 2246 2250" 
                    HPOS="578"
                    VPOS="2201"
                    WIDTH="1668"
                    HEIGHT="109">
            <Shape><Polygon POINTS="580 2263 580 2288 756 2284 763 2288 779 2297 781 2297 783 2297 828 2290 932 2310 933 2310 1098 2290 1149 2308 1151 2308 1153 2308 1214 2297 1271 2306 1272 2306 1274 2306 1305 2290 1383 2292 1405 2306 1407 2306 1408 2306 1410 2306 1466 2293 1494 2306 1496 2306 1497 2308 1608 2308 1608 2306 1695 2304 1697 2304 1768 2277 1771 2275 1874 2275 1878 2277 1902 2292 1904 2292 1905 2292 1907 2292 1909 2292 1942 2275 1943 2275 2049 2275 2050 2275 2078 2293 2079 2293 2081 2293 2117 2295 2119 2295 2246 2272 2246 2250 2241 2201 2074 2212 2050 2203 2049 2203 2047 2203 2045 2203 2029 2205 1952 2212 1909 2206 1885 2203 1884 2203 1882 2203 1880 2203 1876 2206 1845 2228 1691 2228 1662 2214 1661 2214 1659 2214 1657 2214 1655 2214 1637 2226 1597 2219 1595 2219 1515 2228 1486 2214 1474 2206 1472 2206 1430 2206 1428 2206 1427 2206 1425 2206 1414 2214 1390 2230 1347 2232 1229 2232 1209 2217 1200 2212 1198 2212 1196 2212 1144 2212 1142 2212 1140 2212 1118 2219 1086 2232 1057 2221 1028 2210 1026 2210 977 2210 975 2210 973 2210 939 2223 924 2228 908 2223 863 2210 861 2210 859 2210 857 2210 806 2224 785 2232 765 2226 732 2215 730 2215 728 2215 727 2215 703 2226 689 2234 670 2228 643 2219 641 2219 640 2219 578 2228 580 2263"/></Shape>
	    <String CONTENT="attention und Egard auf meine Persohn hege. Jch solte zwahr"
                    HPOS="578"
                    VPOS="2201"
                    WIDTH="1668"
                    HEIGHT="109"></String>
          </TextLine>
          <TextLine ID="eSc_line_17121881"
                    TAGREFS="LT361"
                    BASELINE="583 2331 1340 2337 2248 2321" 
                    HPOS="583"
                    VPOS="2282"
                    WIDTH="1665"
                    HEIGHT="95">
            <Shape><Polygon POINTS="583 2353 638 2375 640 2375 641 2375 643 2375 681 2364 709 2375 710 2375 712 2377 817 2377 817 2375 819 2375 895 2353 979 2362 981 2362 1048 2355 1082 2371 1084 2371 1086 2373 1291 2373 1291 2371 1292 2371 1356 2350 1490 2362 1492 2362 1570 2353 1606 2366 1608 2366 1610 2366 1612 2366 1646 2351 1733 2366 1735 2366 1737 2366 1780 2348 1922 2357 1923 2357 1978 2350 2012 2362 2014 2362 2016 2362 2018 2362 2081 2344 2181 2359 2183 2359 2185 2359 2248 2341 2248 2321 2244 2284 1920 2282 1918 2282 1916 2282 1904 2288 1878 2299 1809 2290 1807 2290 1738 2302 1541 2302 1505 2292 1483 2288 1481 2288 1479 2288 1470 2293 1456 2301 1439 2293 1437 2293 1436 2293 1432 2293 1363 2302 1338 2295 1314 2286 1312 2286 1311 2286 1309 2286 1287 2295 1263 2306 1176 2306 1158 2297 1149 2292 1147 2292 1146 2292 1106 2297 1058 2304 1046 2297 1031 2290 1029 2290 1028 2290 990 2299 957 2306 903 2299 835 2292 834 2292 832 2292 830 2292 816 2301 803 2308 785 2301 757 2292 756 2292 689 2292 687 2292 685 2292 665 2302 654 2308 583 2304 583 2331 583 2353"/></Shape>
	    <String CONTENT="nicht sagen, wie eine so gantze neüw, und rariste mode zu corres¬"
                    HPOS="583"
                    VPOS="2282"
                    WIDTH="1665"
                    HEIGHT="95"></String>
          </TextLine>
          <TextLine ID="eSc_line_b33d4da7"
                    TAGREFS="LT361"
                    BASELINE="592 2408 1766 2411 2261 2397" 
                    HPOS="591"
                    VPOS="2350"
                    WIDTH="1670"
                    HEIGHT="99">
            <Shape><Polygon POINTS="592 2408 592 2449 643 2449 643 2448 645 2448 716 2426 777 2442 779 2442 781 2442 888 2431 924 2446 932 2448 933 2448 935 2449 1073 2449 1073 2448 1075 2448 1089 2444 1122 2431 1146 2442 1147 2442 1149 2442 1153 2442 1251 2426 1309 2437 1311 2437 1461 2429 1477 2438 1492 2448 1494 2448 1496 2448 1497 2448 1550 2438 1622 2424 1675 2437 1704 2444 1706 2444 1708 2444 1771 2435 1847 2424 1958 2424 1976 2433 1994 2446 1996 2446 1998 2446 2000 2448 2083 2448 2083 2446 2085 2446 2087 2446 2107 2431 2121 2424 2259 2429 2261 2397 2255 2350 2030 2360 1983 2353 1954 2350 1952 2350 1951 2350 1938 2355 1887 2375 1840 2375 1806 2357 1793 2350 1791 2350 1760 2350 1758 2350 1757 2350 1755 2350 1742 2357 1720 2371 1592 2379 1525 2379 1486 2362 1485 2362 1483 2362 1481 2362 1457 2375 1427 2364 1398 2353 1396 2353 1394 2353 1392 2353 1361 2364 1325 2379 1160 2379 1138 2368 1136 2368 1135 2368 1133 2368 1131 2368 1127 2368 1109 2377 1098 2370 1075 2353 1073 2353 1071 2353 1069 2353 1068 2353 1033 2370 1031 2371 973 2373 970 2371 932 2351 930 2351 852 2351 850 2351 848 2351 846 2351 810 2375 806 2377 748 2377 743 2375 683 2351 681 2351 680 2351 678 2351 591 2377 592 2408"/></Shape>
	    <String CONTENT="¬pondieren und negotÿeren in die augen anderer klugen scheinet,"
                    HPOS="591"
                    VPOS="2350"
                    WIDTH="1670"
                    HEIGHT="99"></String>
          </TextLine>
          <TextLine ID="eSc_line_4af9df2b"
                    TAGREFS="LT361"
                    BASELINE="600 2487 1769 2491 2243 2478" 
                    HPOS="598"
                    VPOS="2437"
                    WIDTH="1645"
                    HEIGHT="90">
            <Shape><Polygon POINTS="600 2487 603 2525 623 2511 640 2524 641 2524 643 2524 645 2524 716 2516 783 2524 810 2525 812 2525 814 2525 816 2525 819 2524 848 2507 948 2507 975 2522 981 2525 982 2525 984 2525 986 2527 1162 2527 1162 2525 1164 2525 1165 2525 1175 2520 1178 2516 1189 2518 1213 2525 1214 2525 1216 2525 1218 2525 1231 2518 1249 2509 1269 2518 1271 2518 1272 2518 1274 2518 1276 2518 1292 2507 1408 2507 1465 2507 1490 2516 1517 2525 1519 2525 1521 2525 1523 2525 1554 2515 1568 2511 1581 2515 1610 2525 1612 2525 1613 2527 1691 2527 1691 2525 1693 2525 1731 2513 1746 2509 1755 2513 1782 2525 1784 2525 1786 2525 1787 2525 1835 2513 1847 2509 1855 2513 1873 2520 1874 2520 1876 2520 1940 2515 2050 2525 2052 2525 2054 2525 2112 2509 2123 2507 2239 2507 2243 2478 2235 2437 2165 2457 1933 2457 1885 2440 1880 2438 1878 2438 1876 2438 1865 2440 1795 2455 1722 2442 1709 2440 1708 2440 1706 2440 1700 2442 1671 2457 1530 2457 1505 2444 1503 2444 1501 2444 1499 2444 1497 2444 1496 2444 1468 2453 1437 2446 1414 2438 1412 2438 1410 2438 1340 2446 1320 2448 1312 2446 1285 2438 1283 2438 1051 2438 1049 2438 988 2449 959 2457 843 2457 830 2451 788 2438 786 2438 785 2438 783 2438 754 2453 748 2455 734 2453 647 2438 645 2438 643 2438 598 2453 600 2487"/></Shape>
	    <String CONTENT="ab welcher art zu handlen sie sich recht erstaunen, umb"
                    HPOS="598"
                    VPOS="2437"
                    WIDTH="1645"
                    HEIGHT="90"></String>
          </TextLine>
          <TextLine ID="eSc_line_974ebace"
                    TAGREFS="LT361"
                    BASELINE="612 2571 1764 2565 2252 2547" 
                    HPOS="611"
                    VPOS="2502"
                    WIDTH="1641"
                    HEIGHT="112">
            <Shape><Polygon POINTS="612 2571 614 2614 665 2598 747 2613 756 2613 757 2613 759 2613 763 2611 805 2589 823 2598 825 2598 826 2598 942 2589 997 2603 999 2603 1000 2603 1044 2596 1109 2603 1171 2609 1173 2609 1240 2600 1292 2593 1329 2598 1379 2605 1381 2605 1499 2594 1548 2589 1566 2593 1601 2598 1602 2598 1604 2598 1606 2598 1617 2591 1626 2585 1651 2589 1688 2596 1690 2596 1757 2587 1762 2587 1764 2587 1798 2602 1800 2602 1802 2602 1804 2602 1842 2585 1847 2584 1858 2585 1909 2593 1911 2593 1913 2593 1947 2584 1958 2580 1967 2582 2016 2600 2018 2600 2020 2602 2110 2602 2110 2600 2112 2600 2114 2600 2150 2578 2156 2576 2252 2576 2252 2547 2246 2511 2179 2516 2170 2511 2157 2502 2156 2502 2154 2502 2112 2502 2110 2502 2063 2513 2040 2518 2007 2515 1933 2504 1931 2504 1878 2506 1876 2506 1847 2516 1829 2524 1800 2518 1760 2509 1758 2509 1757 2509 1755 2509 1742 2518 1729 2527 1621 2527 1602 2520 1559 2507 1557 2507 1555 2507 1554 2507 1519 2522 1506 2529 1459 2529 1450 2524 1423 2509 1421 2509 1419 2509 1418 2509 1385 2524 1381 2525 1374 2525 1307 2511 1305 2511 1303 2511 1271 2525 1263 2529 1251 2527 1200 2515 1198 2515 1120 2525 1049 2513 1048 2513 1046 2513 1011 2531 1010 2531 970 2515 968 2515 966 2515 904 2525 864 2515 863 2515 861 2515 859 2515 857 2515 828 2533 770 2525 768 2525 767 2525 765 2525 752 2535 750 2536 611 2536 612 2571"/></Shape>
	    <String CONTENT="so mehr, da sin beÿ sich gedencken, ob doch möglich, daß St Gallen"
                    HPOS="611"
                    VPOS="2502"
                    WIDTH="1641"
                    HEIGHT="112"></String>
          </TextLine>
          <TextLine ID="eSc_line_e49d9a2b"
                    TAGREFS="LT361"
                    BASELINE="603 2647 2232 2629" 
                    HPOS="602"
                    VPOS="2582"
                    WIDTH="1630"
                    HEIGHT="101">
            <Shape><Polygon POINTS="603 2647 603 2676 647 2669 709 2676 763 2683 765 2683 767 2683 783 2676 796 2669 805 2674 814 2681 816 2681 817 2681 819 2681 950 2672 961 2672 966 2672 1028 2680 1029 2680 1071 2671 1102 2663 1126 2669 1156 2678 1158 2678 1160 2678 1162 2678 1189 2669 1198 2665 1233 2667 1343 2676 1345 2676 1394 2665 1418 2660 1445 2663 1479 2669 1481 2669 1597 2661 1601 2661 1632 2672 1633 2672 1635 2672 1637 2672 1661 2661 1820 2671 1822 2671 1824 2671 1855 2658 1922 2658 1969 2669 1971 2669 1972 2669 1974 2669 1976 2669 1992 2658 2059 2665 2061 2665 2063 2665 2094 2652 2117 2665 2119 2665 2121 2665 2123 2665 2125 2665 2146 2651 2232 2649 2232 2629 2226 2598 2145 2598 2141 2598 2094 2584 2092 2584 2090 2584 2088 2584 2045 2598 2041 2600 2040 2598 2023 2589 2021 2589 2020 2589 2018 2589 2016 2589 1991 2600 1989 2600 1987 2600 1962 2591 1960 2591 1958 2591 1891 2600 1878 2602 1865 2600 1746 2582 1744 2582 1742 2582 1680 2602 1651 2584 1650 2584 1648 2584 1577 2584 1575 2584 1472 2602 1430 2596 1428 2596 1427 2596 1425 2596 1412 2605 1408 2607 1394 2605 1323 2593 1321 2593 1320 2593 1318 2593 1300 2605 1296 2609 1088 2609 1080 2609 1010 2591 928 2591 926 2591 924 2591 883 2611 877 2613 864 2611 821 2602 819 2602 781 2609 728 2594 727 2594 629 2594 627 2594 625 2594 623 2594 602 2607 603 2647"/></Shape>
	    <String CONTENT="zwisch einem Rhatsherren von Lucern der bis da hin so wohl in"
                    HPOS="602"
                    VPOS="2582"
                    WIDTH="1630"
                    HEIGHT="101"></String>
          </TextLine>
          <TextLine ID="eSc_line_702cf69b"
                    TAGREFS="LT361"
                    BASELINE="611 2718 1934 2712 2259 2700" 
                    HPOS="609"
                    VPOS="2654"
                    WIDTH="1650"
                    HEIGHT="102">
            <Shape><Polygon POINTS="611 2718 611 2743 736 2738 756 2743 797 2756 799 2756 801 2756 950 2745 1080 2754 1082 2754 1084 2754 1109 2739 1120 2734 1205 2734 1229 2739 1283 2752 1285 2752 1287 2752 1320 2738 1332 2734 1425 2734 1432 2738 1456 2752 1457 2752 1459 2752 1461 2754 1503 2754 1503 2752 1566 2750 1568 2750 1597 2736 1604 2732 1612 2736 1621 2743 1622 2743 1624 2743 1780 2750 1782 2750 1887 2734 1916 2730 1947 2734 2069 2749 2070 2749 2072 2749 2105 2732 2114 2729 2136 2732 2170 2738 2172 2738 2174 2738 2185 2732 2192 2729 2255 2730 2259 2700 2255 2656 2098 2654 2096 2654 2076 2658 1985 2674 1869 2674 1845 2661 1844 2661 1842 2661 1840 2661 1797 2676 1755 2661 1753 2661 1751 2661 1749 2661 1709 2672 1635 2665 1633 2665 1632 2665 1602 2678 1519 2678 1432 2665 1385 2660 1383 2660 1381 2660 1360 2665 1325 2676 1294 2667 1269 2660 1267 2660 1204 2660 1202 2660 1200 2660 1178 2669 1147 2680 1069 2669 1058 2669 1057 2669 1048 2671 1017 2676 1000 2671 981 2663 979 2663 977 2663 941 2671 892 2683 799 2683 785 2672 779 2669 777 2669 776 2669 774 2669 772 2669 756 2674 745 2676 738 2674 714 2663 712 2663 710 2663 609 2674 611 2718"/></Shape>
	    <String CONTENT="militair alß staats=Charge loblich gestanden, von ansehnlicher"
                    HPOS="609"
                    VPOS="2654"
                    WIDTH="1650"
                    HEIGHT="102"></String>
          </TextLine>
          <TextLine ID="eSc_line_9f5c5442"
                    TAGREFS="LT361"
                    BASELINE="631 2799 1653 2797 2023 2792 2270 2778" 
                    HPOS="629"
                    VPOS="2729"
                    WIDTH="1641"
                    HEIGHT="108">
            <Shape><Polygon POINTS="631 2799 632 2837 687 2823 728 2832 730 2832 732 2832 754 2823 783 2836 785 2836 786 2836 788 2836 881 2834 883 2834 886 2834 939 2819 977 2832 984 2834 986 2834 988 2834 990 2834 1002 2832 1037 2823 1077 2830 1104 2834 1106 2834 1107 2834 1117 2828 1135 2819 1238 2826 1292 2830 1294 2830 1336 2825 1418 2814 1459 2823 1505 2832 1506 2832 1572 2821 1601 2816 1613 2819 1642 2830 1644 2830 1646 2832 1733 2832 1733 2830 1735 2830 1737 2830 1757 2817 1758 2816 1769 2817 1807 2823 1809 2823 1811 2823 1836 2816 1856 2810 1880 2816 1929 2825 1931 2825 2070 2819 2099 2828 2101 2828 2103 2828 2105 2828 2139 2810 2145 2808 2270 2808 2270 2778 2266 2729 2172 2729 2170 2729 2168 2729 2166 2729 2088 2759 1951 2759 1864 2732 1858 2730 1856 2730 1855 2730 1853 2730 1847 2732 1791 2749 1771 2739 1769 2739 1768 2739 1766 2739 1738 2752 1706 2743 1704 2743 1702 2743 1700 2743 1639 2761 1537 2761 1457 2736 1452 2734 1450 2734 1448 2734 1432 2736 1378 2745 1283 2741 1282 2741 1280 2741 1233 2765 1155 2765 1111 2741 1109 2741 1098 2739 1058 2736 1026 2736 1024 2736 1022 2736 1020 2736 1015 2739 984 2758 968 2747 966 2747 964 2747 962 2747 961 2747 959 2747 930 2765 863 2756 861 2756 859 2756 835 2765 801 2743 796 2738 794 2738 792 2738 790 2738 788 2738 776 2743 738 2758 701 2743 687 2738 685 2738 683 2738 629 2743 631 2799"/></Shape>
	    <String CONTENT="familie p, und einem students, oder schulbuben, nicht könte"
                    HPOS="629"
                    VPOS="2729"
                    WIDTH="1641"
                    HEIGHT="108"></String>
          </TextLine>
          <TextLine ID="eSc_line_dc446766"
                    TAGREFS="LT361"
                    BASELINE="623 2881 1024 2874 1914 2875 2266 2854" 
                    HPOS="621"
                    VPOS="2810"
                    WIDTH="1645"
                    HEIGHT="120">
            <Shape><Polygon POINTS="623 2881 625 2926 669 2914 777 2924 832 2930 834 2930 883 2923 973 2910 1031 2921 1042 2923 1044 2923 1060 2921 1135 2908 1245 2917 1247 2917 1249 2917 1276 2906 1379 2906 1419 2915 1459 2924 1461 2924 1463 2924 1486 2915 1510 2904 1528 2914 1530 2914 1532 2914 1534 2914 1554 2904 1573 2914 1597 2923 1599 2923 1601 2923 1690 2917 1691 2917 1693 2917 1700 2912 1715 2903 1749 2912 1795 2921 1797 2921 1971 2912 2078 2919 2079 2919 2081 2919 2127 2906 2150 2899 2263 2903 2266 2854 2261 2810 2146 2812 2145 2812 2092 2830 2000 2819 1998 2819 1927 2832 1860 2817 1838 2814 1836 2814 1835 2814 1824 2819 1797 2834 1708 2836 1626 2836 1595 2823 1572 2816 1570 2816 1568 2816 1566 2816 1564 2816 1550 2825 1532 2836 1483 2836 1392 2828 1280 2817 1278 2817 1276 2817 1274 2817 1254 2830 1242 2839 1193 2839 1180 2832 1151 2819 1149 2819 1147 2819 1146 2819 1118 2834 1117 2834 1115 2834 1060 2819 1058 2819 1057 2819 924 2837 908 2839 897 2837 850 2830 848 2830 846 2830 845 2830 834 2839 832 2841 828 2839 788 2823 786 2823 721 2823 719 2823 718 2823 716 2823 696 2836 665 2830 663 2830 661 2830 621 2843 623 2881"/></Shape>
	    <String CONTENT="wißen, eine distinction zu machen, da man doch nicht solte ohne"
                    HPOS="621"
                    VPOS="2810"
                    WIDTH="1645"
                    HEIGHT="120"></String>
          </TextLine>
          <TextLine ID="eSc_line_11858d5d"
                    TAGREFS="LT361"
                    BASELINE="2123 2939 2268 2932" 
                    HPOS="2119"
                    VPOS="2883"
                    WIDTH="149"
                    HEIGHT="101">
            <Shape><Polygon POINTS="2123 2939 2125 2984 2186 2984 2188 2984 2190 2984 2206 2970 2214 2964 2268 2957 2268 2932 2264 2888 2205 2883 2203 2883 2201 2883 2179 2892 2177 2892 2157 2883 2156 2883 2154 2883 2152 2883 2119 2894 2123 2939"/></Shape>
	    <String CONTENT="seÿn..."
                    HPOS="2119"
                    VPOS="2883"
                    WIDTH="149"
                    HEIGHT="101"></String>
          </TextLine>
        </TextBlock>
      </PrintSpace>
    </Page>
  </Layout>
</alto>
