2448 3264
552 233 1732 120 Aussbündigen wissenschafft in der Music gelanget ist,

549 310 1724 114 daß seines gleichens weith Und breith der Kunst halber

554 402 1749 122 und der manier die Music in der Composition zu tracti

554 497 1733 109 eren, auch beÿ diesen Zeiten in unseren landen keiner an

554 576 1736 123 zu treffen, so Jhme an dieseiten stehen dörffen ./ sonders

552 660 1765 112 auch an mich willes anzuwenden, eine freüd gehabt, damit

541 739 1760 109 mihr die Music recht fundamental erlehrnen möchten;

565 816 1711 87 die vornem̃e Meister, under welchen der Domenico

546 892 1763 98 Scarlatti zu Rom einer gewesen, von welchen mein herr

552 968 1746 114 Vatter so grossen Nutzen gezogen, könen die Prob an Tag

557 1049 1719 115 leggen, waß er müste profittiert haben, so aus seines so

544 1134 1748 103 vortreflichen Compositionen nach genügen zu ersuchen.

584 1213 1730 111 Auf wass weis ich aber die music erlehrnt habe, werde

552 1297 1743 109 ich hier umbständtlich beweisen. Ano 1725 wurde

557 1373 1725 114 mich als einem 5. Jahrigen knaben der hochwürdige,

554 1457 1747 123 und das Alt=adelig stüfft S. Leodegarÿ gegenwertigen

557 1536 1735 131 schuelherr, herr Wilhelm Schwander, alß damahls noch ge¬

552 1621 1740 130 ¬wester hoofschuolen gedachter lobl stüfft, zu gegeben,

544 1702 1765 128 der mich ein halbes jahr gelehrt singen, dieser herr ist,

554 1781 1730 133 so zu sagen, mit mihr beÿ meinem herr Gross Vatter

552 1852 1751 133 auferzogen worden, welcher auch nicht abseÿn würde,

554 1931 1752 128 wan man Jhne befragen sollte, offentlich zu bekom̃en,

554 2004 1747 142 daß alleß glück, so Jhme biß dato zu gestossen, nach Gott

563 2094 1740 133 er Unser hauß zu verdancken Ursach habe? Nach einem

563 2165 1721 152 jahr A^o. 1726 ordnete mihr herr Grossvatter den

560 2249 1746 147 hochwdig. Herrn Jost Wilhelm Müller, der in dem namb¬

565 2322 1711 136 ¬lichen jahr durch starcke betreibung und auss würckung

568 2396 1711 133 xxx ines hr. Grossvatters und Vatteren zu der ober¬

573 2486 1722 125 ¬heitlichen ehren Caplanei eines Wohlbestelt Organisten

573 2564 1722 134 der vorernant=löblichen stüfft S. Leodegarÿ gelanget ist,

582 2646 1710 131 beÿ dem ich meister anfangen lehrnen Orgelschlagen;

598 2741 1694 109 Jch kan mihr noch, alß wie aus einem traum vorstellen

576 2815 1725 117 auf waß weis ich diese kunst erlehrnet habe. 6 Jahre

587 2896 1716 128 stunde ich under der Direction diesses herrens, deme ich

2023 2986 278 120 wegen....
