2448 3264
473 190 1728 152 sich zu vermehren, und in den kästen fast kein

456 284 1749 143 platz mehr hatte, wurde ich auf die gedancken gebracht

462 373 1746 140 dise nicht nur der statt Lucern theilhaftig zu machen

458 455 1756 139 sonders, umb damit die ehr und Glori Gotteß allenthalben

458 533 1754 137 durch diese meine composition möchte vermehret werden

469 621 1752 135 selbe offentlich trucken, und der gantzen music liebenden

464 694 1757 149 welt zu überlassen. Der gantze anstand dises lobld

473 785 1728 139 vorhabens behaffete nur allein in diesem, daß ich

475 868 1757 140 nicht wuste, wie ich dises ausführen könte, damit

478 953 1754 133 ich doch beÿneben auch etwas genusses durch dise meine

478 1031 1750 134 Müh und arbeith auß den zum druck beförderenden

484 1113 1735 130 werckeren schöpfen mächte? Jch redete mit buch¬

480 1194 1717 142 ¬händleren, diese wolten sich aber solcher sach nichts

478 1274 1745 127 annem̃en? Jch besprache mich mit heer buchtructer hautt,

480 1370 1743 113 da er noch hier ware, welcher kürtzlich vor meiner

487 1437 1745 135 ankunft Noten schrifften eingekaufft hatte; dieser

487 1534 1743 136 herr warr voll des besten willens, allein giengen

513 1604 1710 153 Jhme einige requisita beÿ diesen schrifften ab, und daß

500 1699 1721 125 resolute Hertz manglete Jhme auch, eine solche sach an¬

516 1775 1718 138 ¬zugreiffen. Jch eröfnete meine gedancken under¬

520 1849 1712 134 ¬desen einem Jesuit: R. P. Michel Morizzi, welcher mihr

518 1929 1708 140 daß gefallen erwisen, und nacher Augspurg geschriben

516 1998 1712 148 hatt, durch welchen ich von des lotters seeh Erben von

516 2087 1723 139 jedem werck 100 thlr begehren liesse; darauf die antwort

518 2156 1706 159 erfolgte, daß man mihr 100 exemplar anstatt der 100.  thlr

518 2237 1703 151 vor jedes werck geben wolte ? welches ich nicht könte,

538 2322 1690 122 noch wolte annemmen, und zwar destwegen, weilen ein

531 2384 1683 145 solcher buchtrucker mihr diese 100 exemplaria wurde

538 2471 1685 142 hinderhalten haben, biß er gnugsam verkauft hätte,

544 2565 1697 125 also, daß ich meine hernach nicht mehr wurde abkom̃en

545 2640 1692 121 seÿn, welches mihr nicht in den schilt gedient hätte; habe

547 2732 1681 93 also disen gedancken in wind geschlagen. Ao 1745

560 2801 1679 98 im Maj bin ich von meine Oncle dem Gd herren Prelaten

571 2877 1652 125 zu Rheÿnauw beruffen worden, die inspection der all¬

2021 2966 247 98 dortige.
