2448 3264
194 224 1670 142 seÿn, einen solchen Herrn mit gebührendter antwort zu be¬

195 311 1694 129 ¬gegnen, umb so mehr, da er sich zu vor so vill bemühet alles

203 380 1686 144 auf das nachtrücklichiste vorzustellen, was nur dem hoch¬

204 462 1718 138 fürst stüftt zu St. Gallen den nutzen förderen könte? NB. dieses

208 544 1730 134 seind gedancken höcheren Persohnen, die eine völlige erfahren¬

204 631 1732 117 ¬heit unserer bis dahin undterhalten negotiation ratione meiner

199 709 1735 123 Musicalischen werckeren haben; hoffe also, sie werden dieses

199 797 1710 115 eingeflossene Parenthesis mihr nicht vor ungüttlich auf¬

201 874 1744 108 ¬nemmen, weilen es nicht meine jnvention. Jch solte freÿlich

208 959 1719 99 mich gegen den Herren Vetteren nicht nur nicht mit keinem

195 1035 1732 112 weitleüffig schreiben extendieren, weilen ich sattsamb fühlen

203 1117 1730 99 muß, daß sie wenige attention auf meine Feder machen

206 1194 1737 104 sonders ein solches gahr undterlassen solte, weilen ein mündt¬

199 1282 1764 94 ¬licher rapport von einer persohn, die micht gnugsamme information

195 1360 1747 99 unser Affaire hatt, keinen eingang beÿ mihr findet, sonderen

203 1441 1744 102 ein nach gebühr in forma abgeschicktes. antwort=schreiben mehren

199 1523 1741 103 Nachtruck geben hätte. Underdessen aber, weilen P. J Hr. Ober¬

201 1610 1703 98 ¬vogt mihr einige punckt verdeütet, über welche mich ge¬

203 1693 1704 100 ¬müssiget befinde sie zu ædificieren, so will ich jedannoch

206 1777 1694 96 nicht ermanglen Jhm widerumb auf daß voll städigist

206 1858 1737 98 und nachtrücklichiste alleß auf zu heiteren, und erleüteren,

210 1938 1675 102 wan sie aber sich nicht wollen bemühen dieses schreiben

208 2007 1730 107 mit bedachtsambkeit abzu lesen, bitte es jemand anderes

208 2092 1728 122 zu geben, der bessere gndult tragen mag die nachstehendte

223 2179 1436 98 Wörter und Sentimenta zu überleggen. _

422 2248 1527 112 Die commision, so S. I.JHr OberVogt mihr aus dero

224 2319 1692 118 befelch verrichtet bestündte in nachstehendten Punckten. _

266 2420 25 80 1.mo

320 2400 1645 133 Sagte er, daß er ein schreiben von Jhnen erhalten, in welchem

228 2482 1710 140 sie meldetd, ich solte unverzuglich ein Musicalisches werckh

235 2564 1688 134 Jhnen über senden. 2o daß die Jhren mündtlich verdeütet

235 2643 1701 160 daß die appoggiatur nötelin sie haben lassen verfertigen,

232 2727 1759 152 wie ich sie vorgeschriben, allein tragten sie ein nicht wenige¬

242 2797 1692 178 ¬ns bedencken, daß wegen solchen appoggiaturen der werckh

252 2890 1702 192 nicht abgang in teütschland / allwo der gröste verlaag ist / haben

1709 2988 267 101 würden?
