2448 3264
500 155 1755 164 groß seÿen, welche umb daß mercken könt kleiner, und

489 252 1790 139 Subtiler gemacht werden, die daran gehenckte paralell, und

493 324 1782 151 travers-strichlein sollen in dieser länge und grösse verbleiben

495 415 1777 138 alß wie sie hier angezeigt seind. ps Dieses von dem appoggia¬

496 525 883 109 turen; nun melde fernerß.

770 578 1498 145 4.° Jn diesem Punckten sollen sie ebenfahlt ein be¬

498 661 1794 145 ¬weisthum meiner abermahlig aufrichtigkeit, und Ehrlichen

500 747 1795 146 gemüths erfahren. Sie machen in Ihren 47 Puckten

502 832 1788 141 eine beschwerd, daß ich indiscriminatim von jedem werckh

505 921 1787 143 100 thlr und 12 exemplaria begehrt; Jtem daß ich nur von

507 991 1812 147 bog zu bog durch die Post Ihnen wolte die wercker übersenden,

513 1077 1760 137 da Sie doch vor zeweÿ bög starck schrifften vorräthig hätten?

511 1162 1804 147 Welches dem werck große kösten, porto, Zeit Versaumnuss

533 1247 1768 142 beÿ bringen wurde. Über dises will ich nun meine leste

529 1316 1764 150 meÿnung eröffnen, welcher sie ohnfehlbahr werden

544 1452 458 102 beÿfahl geben.

1078 1396 1232 138 Zum Voraus muß ich Ihnen verdeütch

538 1481 1777 163 daß ich nicht mehr, alß 5. werck würcklich auf daß papier

545 1581 1727 147 gebracht / welche universaliter, wer sie gehört produ¬

545 1655 1734 160 ¬cier, applaudiert worden / gedancken, concept, und materi

549 1726 1753 174 habe aber noch in der menge in meinem gehirn / Gott seÿe

553 1815 1742 165 gedancket / daß ich alle halb jahr wolte 2 opera schreiben

547 1891 1717 154 die jeder zeit noch besser wurch, als alle vorgehendte;

605 1976 1648 143 dan ich habe ein arcanum erlehrnet, daß es mich

567 2047 1748 159 weith leichter ankommbt zu Componieren, als ville andere,

578 2128 1730 162 eine ordinari Meß von 10. obligierten stimm in 2 tagen zu ver¬

574 2208 1698 152 ¬fertigen / ohngerümbt zwahr, wan ich gut humorisiert

583 2281 1714 148 bin. / ist nichts neüwes beÿ mihr, die Prob, und die zeüg

580 2353 1721 163 seind am tag. pd. Daß Erste werck bestehet aus

609 2442 1713 143 33. wohl ausgearbeiteten, und auf die pöesie, oder wörter

596 2533 1705 130 abgerichtete lateinische Kirchen aria; dises werck ist in

612 2625 1685 104 8 Stimmen abgetheilet, nemblich violino P.° und S.do viola,

602 2696 1699 118 voce cantante, organo, Contra Basso, und 2 stimmen vor die

612 2776 1685 127 Trompeten, und waldhorn ps Diese 8 stimmen enthalten in

631 2863 1686 112 sich ohne die titul, desications und avertisements blätteren, 20

2172 2957 98 120 bögen
