2448 3264
478 152 1794 179 durch gute freündt erkundigen lasen, wie man sich da

478 214 1774 191 oder dorten könnte eines verglichs und guten accords ver

486 299 1774 198 ¬sicheren? ich habe allerhand project, und dessein aufge¬

489 391 1779 180 richtet, und dargebotten, allein diese wollten wenigen

478 489 1785 166 eingang finden, wie auch die gegen concept mich nicht

500 576 1787 163 könten contentieren. Zur Prob will ich Jhnen ein

489 650 1787 171 gemachtes project hier participeren: nit vor villen

478 726 1801 193 zeit habe ich mich mit eine hr. Jesuiten, der mein guter

489 813 1814 182 bekanter freünd, besprochen, und erfucht, dass er möchte

489 894 1803 174 von der güte seyn, und nacher Augspurg schreiben, und zu

505 981 1807 172 sehen, ob jemand anzutrefen wöre, die meine werck über

500 1063 1798 171 sich nem̃e wollte? Mein verlangen seye, das der drucker

524 1145 1817 174 oder verlegger mihr vor jedes werck N^o 100 sage hundert

524 1234 1782 166 schweitzer thlr, der thlr à 30. sage dreisig schweitzer batzen,

514 1308 1803 166 nebst zwölf exemplaren, solle accordieren, wie dan auch

519 1392 1809 166 die dedication jedes wercks mihr vorbehalte, dem̃e dan

522 1482 1787 177 schaden und nutzen, ohne das ich mich in dises einlasen

516 1566 1834 166 solle, diesen oder jenen überlasen wolle. die antwort

535 1648 1793 185 auf dises begehren ist kürtzlich hernach eingelanget, und

522 1738 1814 182 zwar also: wie dass sich einer hervorgethan der meine

527 1816 1793 169 werck über sich nem̃en wollte, allein er wollte mihr an

533 1901 1751 174 statt der 100 thlr. N^o 100 Exemplar Franco überlifferen;

546 1969 1790 179 zu welchs ich mich nicht könte noch wollte verstehen, ursach

546 2053 1787 177 dessen, weilen ich die Augspurger gelehrnt zu kom̃en, die

544 2129 1789 202 zu von einer gute quantitet exemplar durch die so gemachte

549 2230 1711 166 landt stürmer, oder buchhändler lassen verkauffen,

541 2290 1800 185 dañe, wan sie wustd, dass fast keine mehr zuverkauffen

554 2374 1785 177 wären, so stunden die mihr die 100 Exemplar auf deren

584 2467 1749 171 schurcken post abfolgen lassen. Welches bey mihr gar

565 2556 1771 150 kein eingang finden kann. – habe also mit aug¬

582 2630 1768 158 ¬spurg keinen …. Tractat im sin zu machen. Ich habe

595 2720 1765 152 mihr indesen festiglich vorgenom̃en niemahlen, mit

582 2815 1768 133 wem es wäre, ein accord einzugehen, das ich meine

606 2894 1733 168 Composizion auf eignen verlag übernemmen wolle

2165 2986 195 84 dan....
