2448 3264
193 174 1738 117 ¬dortig grossen orgel einzunemmen, welche hatt müssen

201 250 1735 122 repariret werden, bey dieser gelegenheit habe ich mit hoch

198 331 1744 120 dem selben auch über diesen mein gefasten schluss, meine

198 408 1746 122 composition trucken zu lassen, longe et late discouriert,

206 492 1736 120 und S^t Gde gefragt: ob dieselben nicht wisten, wo mich

206 563 1736 130 addresieren könnte, dass besagte meine musicalia zum

209 647 1738 111 truck möchten gebracht werden? Der Gde herr antwor¬

214 723 1728 133 ¬tete: dass er mich an den buch händler Broller zu Ulm ad

220 799 1722 139 ¬dresieren wollte, allein werde dieser kein geld, sonderen

228 884 1705 141 auch nur exemplaria accordieren; welches concept mihr

228 960 1708 130 abermahlen nicht gefallen wollte; derenthalben, da

236 1041 1727 144 ich erfahren müste, dass alles nachschlag vergebens

225 1120 1757 142 und ich meine zweck nicht erreichen könnte, habe ich

242 1204 1713 134 dass drucken lassen, völlig aus dem sinn fliegen

242 1275 1727 131 lassen. Jndeme ich aber zum wenigsten daran

244 1354 1733 150 gedachte, kam̃e ein schreiben von R. P. Honorato Peyer

247 1438 1741 153 hochfüstl. buchtruckerey Directoren zu St. Gallen, welcher

242 1523 1716 141 meiner zu Rheynach  geöffnete Jntention halber bey

250 1602 1738 152 letzteren Benedicitinische Congregation von den herrn von

250 1691 1732 153 Rheynauw ist benachrichtiget worden, wie aus folgen¬

258 1768 1708 141 ¬den schreiben zu vernem̃en, welches alles ich aus liebe

261 1844 1751 149 zu meiner nachkom̃enschafft mit grosser müh und fleiss

266 1925 1771 147 authentisch habe zu sammen schreiben lassen, damit sie gnügsam

272 2001 1746 155 underrichtet, und alles desen bey etwanige vorfallenden

272 2086 1713 149 conjuncturen informieret seyen, so meine nachkömbliche

272 2167 1705 153 von schaden hütten, und selben zu nutzen gereichen wird.

516 2276 1366 188 Schreiben des R. P. Honorati Peyers.

293 2382 1741 188 Hochfüstliche St. Gallische buchtruckerey Directoris de da¬

310 2535 549 117 ¬to. 5. Nov. 1745..

826 2551 487 188 An Mich.

476 2709 1765 176 Ich hab verwichene zeit von den allhier gewesten hr. Patri litt.A.

337 2809 1727 183 bus von rheynauw vernommen, wie der hochgeherte hr. gesinet

1884 2883 172 122 seye...
