2448 3264
272 183 1722 154 traget. So ville Täg ich in St. Gallen still liggen würde, und die

272 273 1708 140 5. Täg, so man reiset, mus ich vor jeden Tag einen Herrn von

266 337 1706 159 disen Musicanten / jedem gleich / einen guten Guldten, daß ist

268 427 1706 138 ein Reichsgulden geben, dem Rössler Taglohn einen halben

262 509 1729 145 Müntzgulden, und vor 4 Pferd. 2. Reichsgulden, das Pferd à 2

255 589 1730 139 Zürich ohrt par jour gerechnet mit dem Rössler und Pferden

253 674 1734 136 verstehet sich nur, wan ich in St. Gallen ankomme, dan auf der

255 754 1763 134 Reiß ist Dieners und Pferdtlohn schon in die 20. Gl. gerechnet.

351 837 1679 133 Jetzundter seind die Trinckgeldter noch nirgendts gerech¬

262 917 1680 123 ¬net, die Pferd auf der Reis accomodieren zu lassen ist auch

257 1004 1763 111 nicht gedacht, machen sie also die Rechnung, ob disses sich nicht

261 1082 1744 111 über 100. Thler schon belauffe? Waß habe ich dan an disem

253 1162 1756 118 allen vor Profitt, alß daß ich die Gesundheit, meine Persohn,

253 1236 1774 124 und Kleider dem Wind, Wetter, und der Gefahr exponiere, dan¬

250 1327 1755 103 ¬gegen anstatt der Satisfaction ich noch ville Müh, Arbeithen, und

244 1403 1788 123 Vertriessligkeit haben muß? p Jch lasse es nun dem Hr Vett¬

248 1492 1737 118 ¬ers über, ob dises letstere project Jhnen so angenemb köne

264 1572 1743 123 seÿn, alß daß erstere? Dises kan ich wohl sagen, daß

246 1661 1726 103 weilen sie zu vor meine werckh wollen hören, ehe sie

248 1738 1762 109 mit mihr etwas accordieren wollen, so sollen sie wissen, daß

248 1824 1772 107 ich also danne, wan sie selbe gehört haben, und diese werden

246 1909 1754 103 nicht nur approbiert, sonders applaudiert seÿn, ich mich mit

252 1985 1766 105 100 Thler nicht mehr werde contentieren, sondern weith höcher

268 2070 1742 102 in dem Preis steigen werde; Sie könten aber mihr wollen

279 2137 1808 126 den Posten spihlen, und, da sie die meinige musicalia würden ge¬

286 2235 1728 98 ¬hört haben producieren nit wollen loben, oder rhümen, umb

270 2313 1784 91 damit ich mit dem Preis nicht dörffe steigen, allein mein Maul

281 2380 1773 118 ist behred genug Ihnen zu sagen, sie sollen mihr bessere vorweisen,

281 2469 1778 105 biethe trotz! So bald sie mihr von einem teütschen oder schweitzer

313 2571 1721 92 bessere composizionen zeigen können, so will ich nicht nur keinen

311 2640 1701 96 Pfenig vor übrige werckh, sonderen ich will Jhnen alle verehren

344 2712 1652 116 So will unterstehen zu sage. Nun kan der Hr Vetter

330 2803 1695 105 es auß disen 2 Project auserwöhlen, und ich setze Jhnen

337 2881 1670 130 die Bedenckzeit bis auf Festum Ss. Petri et Pauli, wan bis auf den

1811 2982 212 115 selben...
