2448 3264
459 141 1746 188 solten, allwo wihr den ersten feldzug machten; nach

451 212 1754 204 einigen Monaten musten wihr durch Saluzzo, Pignerol,

467 304 1728 196 Jvrea, Agosta über den kleinen St. Bernardth berg in

456 380 1733 185 Savoyen marchieren, allwo wihr den andert soldzug

462 476 1768 179 vollbrachten, in dieser campagne seind mihr die seltsamis¬

473 552 1732 182 te concept vor die music bey gesehene allerhand krieger¬

478 636 1711 182 ischen bewegungen in sinn kom̃en, also dass mich vill

481 709 1746 183 ¬mahl in meiner zelten zu eines trom̃el hingesetzet

478 810 1744 158 und selbe auf geschriben; nach dem aber die Campagne

481 889 1746 152 erst an den unschuldigen kindtlein tag dises jahres vollen

473 976 1751 141 ¬dete, und wihr uns wegen annäherung der spanischen

478 1058 1766 144 armee retirieren müsten, bin ich a^o. 1743 den 1. Januar,

484 1131 1768 152 über den kleinen St. Bernardts=berg zu rück nacher agosta

481 1210 1768 160 allwo ich erkrancket, und fast 2 monat in dortigen fran¬

476 1283 1762 169 ¬ciscaner closter mich aufgehalten, in disem Convent

489 1370 1763 169 habe eine gute spinetten eines Religiosen angetroffen,

489 1455 1774 171 welche mir zu aufführung meiner cam̃er Sonate ser nutz-

489 1534 1774 174 und dienstlich gewesen. Kurtz nach verfosten diesen

492 1621 1735 155 2 Monathe bin ich auf Turin abgereiset, allwo mich 13.

495 1713 1738 163 Tag aufgehalten, die gelegenheit auch gehabt habe die

500 1787 1765 165 oper zu hören; zu underschidlichen vornem̃en ohrten

503 1863 1741 166 dieser hauptstatt wurde ich durch meine kunst jntro¬

503 1936 1776 163 duciert, allwo ich mirs distinguiren, und angenemb machen

508 2015 1741 161 kunte. – Nach disen obbesagten 13 tagen bin ich zum

514 2102 1724 155 Regiment nachen Conj abgefahren; in dieser vestung machte

527 2181 1768 160 ich mit der Madame Bruna, welche des medici Bruna Ehegemah¬

527 2268 1730 141 lin, und eine der vortreflichsten singeren des Piemonth war

535 2336 1741 144 bekantschafft, bey dieser vornemmen Musicantin, und liebhaberin

538 2412 1722 152 der Music bin ich täglich gewesen, und da ich in dieser khult¬

544 2494 1743 160 ¬sam̃ garnison zeit und platz gefunden etwas zu arbeiten,

557 2592 1746 133 habe ich nebst den täglichen musicieren mich dieser Madame,

557 2668 1733 117 und fleissigen lesen der operen des weltberümbten herrn

560 2758 1694 125 Metastasij mich erst recht auf das componieren gelegt,

568 2839 1716 131 und also in kurtzer zeit eine Cantata nebst villen arien

2121 2918 174 106 auf....
