2448 3264
531 204 1775 120 abhandtlen. Beÿnebens aber bestere erkantnus herh Mh Vettern

531 299 1777 107 als noch würcklichen Directoris habe, so bin ich indessen gemüssiget diese geschäfft

531 384 1808 107 durch sie gehen zulassen, umb so mehr, da ich jederzeit hoffen werde, daß sie durch

524 471 1784 103 dero habendte aufsicht, und authoritet die Nötige bürgschaft zu hande deß

529 562 1783 98 buchhändlers, wegen dem veraccordiertd geben werden, welches der grundstein

529 640 1777 110 meiner könftigen Handlungen / wan es Gott gefällig seÿn wird, daß selbe

527 725 1759 100 soll Jhren fortgang bekommen / seÿn sollen _ ohne welche mich nicht in gefahr setzen

516 799 1779 125 wolte mit jemandem in ein Tractat, oder accord einzulaßen, dene ich nicht kenne,

524 899 1804 100 auch keine erfahrenheit seines handels und wandelß, wie auch seiner habschaft

527 982 1801 98 im geringsten habe, welches mihr nicht zu verargern daß ich so ville freÿheit

527 1066 1821 98 einne meine meÿnung also an tag zu leggen Es bedrift eines jeden sein Interesse!

645 1133 1670 120 3. Waß die appoggiatur oder vorschlag-nötelin betreft, so diene, wie

529 1227 1775 103 daß diese 4 Sorte absolute nicht könne gebraucht werden, maßen, sie ja wenig

529 1303 1790 118 undterschid von den übrigen Noten haben. Jch legge hier diese 24 Sorte beÿ welche

527 1385 1795 111 ohnentperlich müsten in die matrices gestochen werden, so fern sie meine werck

531 1465 1791 118 wollen übernemmen, ohne welche ich Jhn keine not von mein conposozion könte

527 1555 1779 118 extradien. Sie melden zwahr, daß wan diese 4 Species micht hinlänglich

524 1646 1769 116 wären, so müsste man die übrigen, so in der composizion noch her vorkommen

531 1728 1748 117 würden, in die matrices stechen lassen, welches ein grosses geld kosten würde!

533 1797 1818 126 Wan sie mihr erlauben wollen, daß ich eine Reflexionsanwort dörfte daraus

533 1874 1800 138 machen, so muß ich Jhnen hier nicht nur longe et late antworten, sonder auf das

538 1949 1797 141 nachtrücklichiste anrhaten, daß sie ohne einiges bedenken zu machen dise setz kosten

536 2032 1785 142 auch was es wolle :/ gleich wolte Jhm verfertig lassen, ich werde Jhn einiges

542 2119 1777 122 begrünte rationes darthun, daraus die sehen werden, das ich dero Interese mehr, als

540 2197 1770 138 daß meinige betrachte. Pro Primo setzen wihr, das sie nunmehro eine so

545 2273 1783 136 complet als saubere notd schrift erhalten, dene zu Augspurg kein bessere an¬

569 2359 1733 125 ¬zutreffen seÿn wird, was nützet dise, wan sie zwahr den kopf, und

562 2431 1742 127 die übeige glider aber nicht alle hatt, das ist nemblich, wan diser die

554 2518 1752 124 dermahl nötigste requisita abgehen. 2do Jch setze weiters und will glauben,

553 2607 1766 116 daß diser nichts anderes abgehe als diese apoggiatur Nötelin, welche nicht so vil,

553 2683 1759 118 auch nicht so grosse arbeith erfordern /: dan NB. Wan sie dise wolten verfertigen lassen

567 2776 1754 110 so müssten sie nicht grösser und nicht kleiner, sondern in diser nemblichen propor¬

556 2857 1765 98 ¬tion eingeschnitten werden, dan ich daß Maas schon von anderen Notd und linien genommen, wie

565 2943 1756 125 sie werden sehen, daß es eintrifft :/ solle man bedencken tragen solche anzuschaffen Umb damit

2194 3021 116 90 man...
