<?xml version="1.0" encoding="UTF-8"?>
<alto xmlns:xsi="http://www.w3.org/2001/XMLSchema-instance"
      xmlns="http://www.loc.gov/standards/alto/ns-v4#"
      xsi:schemaLocation="http://www.loc.gov/standards/alto/ns-v4# http://www.loc.gov/standards/alto/v4/alto-4-2.xsd">
  <Description>
    <MeasurementUnit>pixel</MeasurementUnit>
    <sourceImageInformation>
      <fileName>P1120125.JPG</fileName>
    </sourceImageInformation>
  </Description>
  <Tags>
    <OtherTag ID="BT7" LABEL="CustomZone" DESCRIPTION="block type CustomZone"/><OtherTag ID="BT8" LABEL="DamageZone" DESCRIPTION="block type DamageZone"/><OtherTag ID="BT9" LABEL="DigitizationArtefactZone" DESCRIPTION="block type DigitizationArtefactZone"/><OtherTag ID="BT10" LABEL="DropCapitalZone" DESCRIPTION="block type DropCapitalZone"/><OtherTag ID="BT11" LABEL="GraphicZone" DESCRIPTION="block type GraphicZone"/><OtherTag ID="BT12" LABEL="MainZone" DESCRIPTION="block type MainZone"/><OtherTag ID="BT13" LABEL="MarginTextZone" DESCRIPTION="block type MarginTextZone"/><OtherTag ID="BT14" LABEL="MusicZone" DESCRIPTION="block type MusicZone"/><OtherTag ID="BT15" LABEL="NumberingZone" DESCRIPTION="block type NumberingZone"/><OtherTag ID="BT17" LABEL="QuireMarksZone" DESCRIPTION="block type QuireMarksZone"/><OtherTag ID="BT18" LABEL="RunningTitleZone" DESCRIPTION="block type RunningTitleZone"/><OtherTag ID="BT19" LABEL="SealZone" DESCRIPTION="block type SealZone"/><OtherTag ID="BT20" LABEL="StampZone" DESCRIPTION="block type StampZone"/><OtherTag ID="BT21" LABEL="TableZone" DESCRIPTION="block type TableZone"/><OtherTag ID="BT22" LABEL="TitlePageZone" DESCRIPTION="block type TitlePageZone"/>
    <OtherTag ID="LT7" LABEL="CustomLine" DESCRIPTION="line type CustomLine"/><OtherTag ID="LT8" LABEL="DefaultLine" DESCRIPTION="line type DefaultLine"/><OtherTag ID="LT9" LABEL="DropCapitalLine" DESCRIPTION="line type DropCapitalLine"/><OtherTag ID="LT10" LABEL="HeadingLine" DESCRIPTION="line type HeadingLine"/><OtherTag ID="LT11" LABEL="InterlinearLine" DESCRIPTION="line type InterlinearLine"/><OtherTag ID="LT12" LABEL="MusicLine" DESCRIPTION="line type MusicLine"/><OtherTag ID="LT361" LABEL="default" DESCRIPTION="line type default"/>
  </Tags>
  <Layout>
    <Page WIDTH="2448"
          HEIGHT="3264"
          PHYSICAL_IMG_NR="17"
          ID="eSc_dummypage_">
      <PrintSpace HPOS="0"
                  VPOS="0"
                  WIDTH="2448"
                  HEIGHT="3264">
        <TextBlock ID="eSc_dummyblock_">
          <TextLine ID="eSc_line_5074e5d8"
                    TAGREFS="LT361"
                    BASELINE="233 308 504 290 790 288 1523 311 1925 308" 
                    HPOS="232"
                    VPOS="224"
                    WIDTH="1693"
                    HEIGHT="124">
            <Shape><Polygon POINTS="1918 268 1900 259 1882 250 1876 248 1860 244 1858 244 1824 246 1822 246 1820 246 1804 257 1787 266 1706 266 1684 257 1671 252 1670 252 1668 252 1601 252 1573 237 1573 237 1555 237 1537 235 1519 235 1501 235 1483 235 1476 233 1329 233 1327 233 1325 233 1276 253 1262 261 1218 261 1205 253 1180 242 1178 242 1176 242 1175 242 1138 253 1136 253 1135 253 1093 230 1091 230 1089 230 1088 230 1040 252 1033 257 924 257 915 252 863 226 861 226 859 226 736 241 710 224 709 224 707 224 649 224 645 224 643 224 641 224 585 250 583 250 576 250 502 239 500 239 417 246 373 237 360 237 342 237 333 237 320 248 317 248 288 248 270 253 252 257 244 259 233 308 232 322 330 330 331 330 333 330 342 324 369 310 380 317 382 317 384 317 386 317 388 317 431 306 877 308 946 324 948 324 950 324 981 315 1184 315 1249 339 1256 340 1258 340 1450 342 1452 342 1454 342 1457 342 1512 320 1572 344 1575 344 1577 344 1682 346 1684 346 1686 346 1690 346 1720 331 1768 346 1773 348 1775 348 1777 348 1789 346 1845 339 1922 348 1925 308 1922 270 1918 268"/></Shape>
	    <String CONTENT="mit einem oder dem anderen hochgeehrtisten herren"
                    HPOS="232"
                    VPOS="224"
                    WIDTH="1693"
                    HEIGHT="124"></String>
          </TextLine>
          <TextLine ID="eSc_line_870269d0"
                    TAGREFS="LT361"
                    BASELINE="228 384 516 373 819 373 1962 393" 
                    HPOS="226"
                    VPOS="302"
                    WIDTH="1736"
                    HEIGHT="122">
            <Shape><Polygon POINTS="1960 346 1923 337 1922 337 1920 337 1874 346 1873 346 1831 324 1829 324 1827 324 1826 324 1786 335 1751 324 1749 324 1748 324 1677 330 1675 330 1642 344 1637 346 1628 344 1592 333 1590 333 1588 333 1586 333 1554 342 1546 344 1280 344 1196 342 1191 339 1109 311 1107 311 1106 311 1026 330 1000 313 999 313 997 313 995 313 933 324 910 311 908 311 906 311 904 311 870 324 783 308 529 304 527 304 476 313 453 302 451 302 449 302 353 315 351 315 349 315 326 330 275 308 273 308 272 308 270 308 228 326 228 384 226 400 602 408 603 408 612 406 665 397 732 406 734 406 736 406 761 395 848 395 866 406 868 406 870 406 872 406 1004 397 1031 406 1033 406 1035 406 1224 400 1271 411 1272 411 1274 411 1383 402 1470 418 1477 418 1479 418 1485 418 1548 404 1575 417 1577 417 1579 417 1581 417 1583 417 1597 408 1695 418 1697 418 1876 411 1958 424 1962 393 1962 357 1960 346"/></Shape>
	    <String CONTENT="deß hochfefte Stüffts St. Gallen eine vertraute freünd¬"
                    HPOS="226"
                    VPOS="302"
                    WIDTH="1736"
                    HEIGHT="122"></String>
          </TextLine>
          <TextLine ID="eSc_line_5ac75267"
                    TAGREFS="LT361"
                    BASELINE="230 464 525 453 837 453 1940 466" 
                    HPOS="230"
                    VPOS="395"
                    WIDTH="1710"
                    HEIGHT="109">
            <Shape><Polygon POINTS="230 464 232 487 253 480 288 487 313 493 315 493 317 493 328 487 348 478 382 487 400 493 402 493 404 493 406 493 408 493 415 487 427 480 460 487 462 487 464 487 466 487 525 475 544 487 553 495 554 495 556 495 558 496 683 496 683 495 685 495 699 487 723 476 774 487 792 491 794 491 796 491 808 487 841 478 975 478 1002 487 1019 493 1020 493 1022 493 1024 493 1026 493 1033 487 1048 480 1229 480 1272 487 1343 500 1345 502 1448 502 1448 500 1450 500 1501 487 1508 485 1512 487 1535 500 1537 500 1621 502 1622 502 1624 502 1661 487 1670 484 1679 487 1713 504 1715 504 1717 504 1874 489 1920 498 1922 498 1923 498 1925 498 1938 487 1940 466 1938 429 1833 406 1831 406 1722 415 1699 406 1697 406 1695 406 1693 406 1644 418 1595 404 1593 404 1592 404 1590 404 1539 426 1526 429 1291 422 1140 418 1138 418 1120 420 1091 426 1082 420 1044 400 1042 400 1040 400 1039 400 984 420 971 424 959 420 942 413 941 413 939 413 937 413 922 418 910 426 768 426 754 417 714 397 712 397 710 397 563 406 475 395 473 395 386 413 357 395 355 395 353 395 351 395 299 406 284 395 282 395 281 395 279 395 277 395 230 409 230 464"/></Shape>
	    <String CONTENT="tschafft zu pflegen, ursachen meiner gegen daß hochfeftle"
                    HPOS="230"
                    VPOS="395"
                    WIDTH="1710"
                    HEIGHT="109"></String>
          </TextLine>
          <TextLine ID="eSc_line_c5238fcb"
                    TAGREFS="LT361"
                    BASELINE="230 553 667 533 1929 544" 
                    HPOS="230"
                    VPOS="476"
                    WIDTH="1699"
                    HEIGHT="104">
            <Shape><Polygon POINTS="230 553 230 576 435 576 435 574 437 574 440 573 493 556 582 573 591 573 592 573 594 573 596 573 623 556 747 569 748 569 857 558 877 569 892 576 893 576 895 576 941 569 1000 558 1053 567 1104 576 1106 578 1196 578 1196 576 1198 576 1229 565 1251 558 1274 565 1294 571 1296 571 1298 571 1374 563 1427 560 1439 563 1468 573 1470 573 1472 573 1506 565 1526 578 1528 578 1530 578 1532 580 1613 580 1613 578 1615 578 1662 562 1668 560 1813 560 1816 560 1858 573 1860 573 1862 573 1927 558 1929 544 1923 482 1873 502 1827 502 1800 487 1798 487 1797 487 1795 487 1768 502 1613 502 1561 485 1559 485 1557 485 1512 493 1494 482 1492 480 1490 480 1488 480 1486 480 1485 480 1477 482 1421 500 1276 500 1242 482 1238 482 1236 482 1234 482 1233 482 1231 482 1231 484 1202 500 1097 500 1006 484 973 478 707 478 705 478 703 478 689 484 665 493 632 484 603 476 602 476 600 476 598 476 580 484 571 487 551 484 507 476 505 476 504 476 502 476 491 484 480 491 444 484 409 478 408 478 380 484 331 496 286 485 262 478 261 478 259 478 230 484 230 553"/></Shape>
	    <String CONTENT="stüfft jederzeit bis dahin ernehrten erkantligkeit vor die"
                    HPOS="230"
                    VPOS="476"
                    WIDTH="1699"
                    HEIGHT="104"></String>
          </TextLine>
          <TextLine ID="eSc_line_9e5be4e0"
                    TAGREFS="LT361"
                    BASELINE="228 631 551 614 1938 629" 
                    HPOS="228"
                    VPOS="560"
                    WIDTH="1710"
                    HEIGHT="107">
            <Shape><Polygon POINTS="228 631 228 656 357 634 424 645 426 645 427 645 456 636 667 636 696 654 698 654 699 654 701 654 703 654 705 654 734 638 783 638 854 660 855 660 857 660 859 660 861 660 863 660 944 638 970 647 971 647 973 647 1071 640 1107 660 1107 661 1109 661 1111 661 1113 661 1127 661 1287 641 1332 661 1338 663 1340 663 1341 663 1356 661 1421 650 1437 661 1441 665 1443 665 1445 665 1447 667 1486 667 1486 665 1488 665 1499 661 1537 650 1575 663 1584 665 1586 665 1729 667 1731 667 1733 667 1735 667 1740 663 1755 654 1818 658 1820 658 1822 658 1824 658 1842 647 1934 663 1938 629 1936 574 1880 569 1878 569 1876 569 1865 574 1840 583 1809 574 1793 569 1791 569 1673 567 1671 567 1670 567 1655 574 1621 591 1537 591 1398 580 1396 580 1394 580 1369 591 1225 591 1194 574 1171 563 1169 563 995 563 993 563 991 563 990 563 973 574 952 587 823 583 805 574 772 562 770 562 698 560 696 560 694 560 640 574 607 585 533 585 507 574 478 565 476 565 475 565 426 574 393 583 320 583 306 576 284 565 282 565 281 565 228 574 228 631"/></Shape>
	    <String CONTENT="vor einigen Jahren so villfeltig=empfangene guthaten,"
                    HPOS="228"
                    VPOS="560"
                    WIDTH="1710"
                    HEIGHT="107"></String>
          </TextLine>
          <TextLine ID="eSc_line_fc9ae771"
                    TAGREFS="LT361"
                    BASELINE="226 705 467 694 1947 701" 
                    HPOS="226"
                    VPOS="640"
                    WIDTH="1721"
                    HEIGHT="96">
            <Shape><Polygon POINTS="226 705 226 728 353 716 377 728 378 728 380 728 382 730 442 730 442 728 444 728 446 728 471 714 533 714 567 727 578 730 580 730 582 730 583 730 591 727 618 714 757 714 786 725 799 730 801 730 803 732 864 732 864 730 866 730 884 725 915 714 948 725 973 732 975 732 977 734 1046 734 1046 732 1048 732 1049 732 1064 723 1077 716 1107 723 1147 732 1149 732 1278 721 1352 716 1379 721 1445 734 1447 736 1608 736 1608 734 1610 734 1659 719 1702 732 1704 732 1706 732 1764 719 1829 734 1831 734 1945 716 1947 701 1942 645 1898 663 1778 645 1777 645 1775 645 1773 645 1746 663 1641 654 1639 654 1593 663 1506 645 1505 645 1503 645 1466 663 1419 643 1418 643 1416 643 1412 643 1336 661 1301 643 1300 643 1196 643 1194 643 1193 643 1147 663 942 663 895 641 893 641 892 641 890 641 888 641 886 641 864 652 841 641 839 641 652 641 650 641 649 641 594 660 460 641 458 641 456 641 455 641 438 652 371 645 369 645 368 645 339 660 262 660 226 640 226 705"/></Shape>
	    <String CONTENT="welcheß einem danckbahren gemüth aller vorderist in denen"
                    HPOS="226"
                    VPOS="640"
                    WIDTH="1721"
                    HEIGHT="96"></String>
          </TextLine>
          <TextLine ID="eSc_line_af05c216"
                    TAGREFS="LT361"
                    BASELINE="232 785 544 772 1938 781" 
                    HPOS="230"
                    VPOS="716"
                    WIDTH="1708"
                    HEIGHT="105">
            <Shape><Polygon POINTS="232 785 230 814 301 816 302 816 304 816 310 814 360 794 516 794 563 812 574 816 576 816 658 817 660 817 661 817 674 810 698 797 719 810 734 817 736 817 738 817 788 810 870 796 903 808 922 816 924 816 926 816 928 816 944 808 961 799 988 808 1002 812 1004 812 1006 812 1008 812 1010 812 1017 806 1028 801 1039 806 1046 810 1048 810 1049 810 1075 806 1122 799 1146 806 1160 810 1162 810 1164 810 1218 805 1300 797 1318 805 1352 817 1354 817 1356 817 1358 817 1403 806 1436 819 1437 819 1439 821 1494 821 1494 819 1496 819 1523 805 1559 819 1561 819 1563 819 1564 819 1602 801 1606 799 1612 801 1624 808 1626 808 1628 808 1630 808 1646 801 1651 799 1655 801 1695 819 1697 819 1699 819 1700 819 1742 801 1798 816 1800 816 1802 816 1804 816 1835 799 1836 799 1936 799 1938 781 1936 743 1744 743 1744 741 1702 721 1700 721 1699 721 1592 736 1490 719 1488 719 1365 721 1282 739 1278 741 1247 741 1245 739 1214 719 1213 719 1211 719 1209 719 1207 719 1165 736 1127 719 1126 719 1124 719 1122 719 1120 719 1091 739 1089 739 1078 738 1017 730 1015 730 928 738 922 738 921 738 879 725 877 725 875 725 874 725 872 725 854 738 852 739 727 739 723 738 661 716 660 716 602 716 600 716 598 716 596 716 565 736 563 738 533 738 531 736 495 716 493 716 442 716 440 716 438 716 411 728 331 716 330 716 328 716 326 716 297 736 293 736 232 736 232 785"/></Shape>
	    <String CONTENT="gedancken liggen solle; werde dem nach Möglichist trachten"
                    HPOS="230"
                    VPOS="716"
                    WIDTH="1708"
                    HEIGHT="105"></String>
          </TextLine>
          <TextLine ID="eSc_line_b6d2dd60"
                    TAGREFS="LT361"
                    BASELINE="244 859 654 850 1938 852" 
                    HPOS="242"
                    VPOS="799"
                    WIDTH="1696"
                    HEIGHT="94">
            <Shape><Polygon POINTS="244 859 244 890 331 872 386 888 395 892 397 892 398 892 451 888 464 886 466 886 467 886 491 872 739 872 761 884 772 892 774 892 776 892 777 892 816 884 875 872 964 872 1011 881 1060 892 1062 892 1064 892 1095 881 1120 872 1144 881 1175 892 1176 892 1178 893 1363 893 1363 892 1365 892 1394 877 1401 874 1408 877 1445 892 1447 892 1448 892 1450 892 1490 875 1496 874 1503 875 1541 892 1543 892 1544 893 1593 893 1593 892 1595 892 1632 874 1635 874 1641 874 1720 892 1722 893 1813 893 1813 892 1815 892 1816 892 1849 872 1851 872 1936 872 1938 852 1936 816 1896 799 1894 799 1717 799 1715 799 1713 799 1661 817 1659 817 1508 799 1506 799 1505 799 1447 819 1441 821 1394 821 1390 819 1330 799 1329 799 1327 799 1325 799 1323 799 1294 819 1292 821 1189 821 1184 819 1073 799 1071 799 1069 799 1022 819 959 799 957 799 837 799 835 799 834 799 796 816 725 806 723 806 612 819 582 806 580 806 578 806 511 819 480 799 478 799 476 799 406 799 404 799 402 799 339 821 242 821 244 859"/></Shape>
	    <String CONTENT="mich dieser unerwahrteten schönen gelegenheit stattlich zu be¬"
                    HPOS="242"
                    VPOS="799"
                    WIDTH="1696"
                    HEIGHT="94"
                    WC="0.9714795658665318"></String>
          </TextLine>
          <TextLine ID="eSc_line_8eeb54e6"
                    TAGREFS="LT361"
                    BASELINE="250 941 1962 932" 
                    HPOS="248"
                    VPOS="877"
                    WIDTH="1714"
                    HEIGHT="96">
            <Shape><Polygon POINTS="250 941 250 968 279 973 281 973 282 973 302 968 355 952 839 952 883 961 928 970 930 970 986 959 1019 953 1073 959 1126 962 1127 962 1160 957 1182 953 1202 957 1274 970 1276 970 1278 970 1320 955 1336 950 1378 953 1454 962 1456 962 1499 955 1525 968 1526 968 1528 970 1584 970 1584 968 1586 968 1588 968 1608 955 1661 966 1662 968 1905 968 1905 966 1907 966 1962 946 1962 932 1958 892 1784 877 1782 877 1780 877 1749 892 1729 903 1673 903 1659 892 1655 890 1653 890 1651 890 1650 890 1648 890 1641 892 1626 899 1590 893 1579 892 1577 892 1575 892 1570 893 1537 904 1394 904 1365 893 1345 888 1343 888 1341 888 1340 888 1325 893 1309 903 1231 904 1204 895 1167 881 1165 881 1164 881 1162 881 1117 895 1089 904 1071 895 1042 881 1040 881 937 881 935 881 834 883 832 883 830 883 806 897 799 901 776 897 692 883 690 883 689 883 629 897 585 910 513 910 485 899 462 890 460 890 458 890 456 890 424 899 393 908 377 899 348 884 346 884 344 884 342 884 297 899 291 901 248 901 250 941"/></Shape>
	    <String CONTENT="¬dienen. _ wie dan zum Vorauß meine gering schätzbahre"
                    HPOS="248"
                    VPOS="877"
                    WIDTH="1714"
                    HEIGHT="96"></String>
          </TextLine>
          <TextLine ID="eSc_line_c64f4c5b"
                    TAGREFS="LT361"
                    BASELINE="241 1026 629 1017 1927 1013" 
                    HPOS="239"
                    VPOS="953"
                    WIDTH="1688"
                    HEIGHT="102">
            <Shape><Polygon POINTS="241 1026 241 1048 351 1039 373 1049 377 1051 378 1051 380 1051 382 1051 386 1049 411 1039 438 1049 453 1055 455 1055 456 1055 458 1055 460 1055 469 1049 487 1039 616 1046 618 1046 620 1046 645 1037 709 1046 710 1046 712 1046 736 1037 892 1037 913 1046 928 1053 930 1053 932 1053 977 1046 1049 1035 1164 1035 1198 1046 1218 1051 1220 1051 1222 1053 1452 1053 1452 1051 1488 1044 1497 1042 1508 1044 1546 1049 1548 1049 1550 1049 1563 1044 1573 1039 1590 1042 1613 1049 1615 1049 1617 1049 1653 1042 1700 1033 1737 1042 1764 1049 1766 1049 1768 1049 1927 1040 1927 1013 1922 957 1855 968 1811 959 1789 953 1787 953 1762 959 1702 973 1653 961 1626 953 1624 953 1622 953 1575 962 1559 964 1550 962 1526 953 1525 953 1523 953 1456 964 1447 964 1437 964 1381 955 1379 955 1378 955 1376 955 1361 964 1349 973 1325 966 1296 955 1294 955 1292 955 1291 955 1289 955 1271 966 1269 966 1231 959 1229 959 1189 968 1153 975 1118 968 1068 959 1066 959 1064 959 1042 970 1035 973 1028 970 1008 961 1006 961 1004 961 1002 961 966 971 944 979 796 979 788 973 761 957 759 957 757 957 674 957 672 957 542 977 513 962 511 962 509 962 507 962 505 962 480 979 478 979 476 979 422 964 420 964 418 964 417 964 415 964 391 981 359 981 326 959 324 959 322 959 286 959 284 959 282 959 239 979 241 1026"/></Shape>
	    <String CONTENT="kunst fertigkeiten nicht nur Mhhe des hochfestl stüffts,"
                    HPOS="239"
                    VPOS="953"
                    WIDTH="1688"
                    HEIGHT="102"></String>
          </TextLine>
          <TextLine ID="eSc_line_0ab48e79"
                    TAGREFS="LT361"
                    BASELINE="255 1102 1920 1082" 
                    HPOS="253"
                    VPOS="1033"
                    WIDTH="1667"
                    HEIGHT="103">
            <Shape><Polygon POINTS="255 1102 257 1136 310 1117 404 1117 670 1131 699 1131 701 1131 703 1131 707 1129 739 1113 837 1122 839 1122 841 1122 843 1122 861 1111 957 1120 959 1120 1015 1111 1035 1124 1037 1126 1039 1126 1040 1126 1042 1127 1153 1127 1153 1126 1155 1126 1167 1122 1205 1111 1234 1122 1238 1122 1240 1122 1242 1124 1358 1124 1358 1122 1360 1122 1361 1122 1365 1118 1379 1111 1450 1118 1465 1118 1466 1118 1468 1118 1472 1117 1505 1106 1539 1117 1552 1120 1554 1120 1555 1120 1809 1117 1811 1117 1829 1111 1865 1102 1916 1109 1920 1082 1918 1042 1902 1033 1900 1033 1898 1033 1896 1033 1878 1042 1864 1051 1806 1051 1787 1044 1771 1037 1769 1037 1768 1037 1735 1044 1699 1053 1544 1053 1528 1046 1505 1033 1503 1033 1501 1033 1418 1046 1356 1055 1341 1046 1338 1044 1336 1044 1334 1044 1301 1040 1300 1040 1298 1040 1285 1046 1271 1053 1243 1048 1182 1033 1180 1033 1178 1033 1124 1048 1082 1060 942 1060 859 1057 848 1049 832 1039 830 1039 828 1039 826 1039 556 1040 554 1040 525 1051 496 1064 469 1053 466 1051 464 1051 462 1051 460 1051 456 1053 433 1062 411 1053 389 1044 388 1044 386 1044 384 1044 382 1044 368 1053 344 1068 253 1055 255 1102"/></Shape>
	    <String CONTENT="sonderen Mhlx Vetteren in particularj will anerbotten"
                    HPOS="253"
                    VPOS="1033"
                    WIDTH="1667"
                    HEIGHT="103"></String>
          </TextLine>
          <TextLine ID="eSc_line_e29f0c0c"
                    TAGREFS="LT361"
                    BASELINE="246 1178 1938 1158" 
                    HPOS="244"
                    VPOS="1109"
                    WIDTH="1694"
                    HEIGHT="100">
            <Shape><Polygon POINTS="246 1178 246 1209 359 1194 447 1207 449 1207 451 1207 453 1207 455 1207 478 1191 558 1191 709 1204 728 1204 730 1204 748 1202 848 1189 932 1198 968 1202 970 1202 971 1202 984 1198 1017 1185 1131 1194 1182 1198 1184 1198 1240 1193 1336 1182 1405 1189 1470 1196 1472 1196 1474 1196 1476 1196 1486 1187 1488 1185 1492 1187 1505 1194 1506 1194 1508 1194 1561 1185 1592 1182 1644 1185 1771 1193 1773 1193 1775 1193 1815 1182 1827 1178 1838 1180 1867 1191 1869 1191 1871 1191 1936 1178 1938 1158 1931 1113 1902 1126 1871 1115 1858 1109 1856 1109 1786 1109 1784 1109 1782 1109 1755 1117 1709 1127 1641 1118 1635 1118 1633 1118 1632 1118 1630 1118 1590 1129 1575 1120 1566 1113 1564 1113 1563 1113 1492 1113 1490 1113 1488 1113 1457 1122 1423 1131 1381 1124 1354 1118 1352 1118 1321 1124 1291 1131 1276 1126 1254 1117 1253 1117 1167 1117 1165 1117 1164 1117 1124 1127 1100 1136 845 1138 670 1138 667 1136 596 1124 594 1124 592 1124 547 1138 536 1144 388 1144 386 1142 364 1127 362 1127 360 1127 301 1127 299 1127 297 1127 244 1144 246 1178"/></Shape>
	    <String CONTENT="haben, so fern sie angenemb und avantagieux Jhnen"
                    HPOS="244"
                    VPOS="1109"
                    WIDTH="1694"
                    HEIGHT="100"
                    WC="0.9831699339710936"></String>
          </TextLine>
          <TextLine ID="eSc_line_7be57b4b"
                    TAGREFS="LT361"
                    BASELINE="261 1260 1943 1242" 
                    HPOS="259"
                    VPOS="1185"
                    WIDTH="1684"
                    HEIGHT="109">
            <Shape><Polygon POINTS="261 1260 261 1294 349 1292 351 1292 353 1292 378 1276 594 1291 596 1291 674 1272 790 1282 792 1282 794 1282 832 1271 948 1278 950 1278 1102 1267 1165 1282 1167 1282 1169 1282 1213 1269 1234 1276 1236 1276 1238 1276 1340 1267 1436 1282 1437 1282 1439 1282 1496 1265 1586 1280 1588 1280 1590 1280 1644 1262 1706 1278 1708 1278 1709 1278 1942 1276 1943 1242 1938 1185 1880 1194 1795 1187 1784 1187 1782 1187 1780 1187 1777 1187 1717 1207 1684 1196 1682 1196 1680 1196 1679 1196 1653 1207 1612 1193 1610 1193 1572 1193 1483 1193 1481 1193 1479 1193 1477 1194 1452 1207 1312 1211 1285 1198 1278 1194 1276 1194 1274 1194 1272 1194 1271 1194 1267 1198 1253 1209 1155 1213 1124 1200 1104 1193 1102 1193 1100 1193 1098 1193 1073 1202 1039 1213 997 1204 959 1194 957 1194 955 1194 937 1204 915 1216 839 1209 837 1209 678 1218 643 1209 598 1198 596 1198 594 1198 446 1200 444 1200 442 1200 424 1214 411 1224 382 1224 369 1214 353 1205 351 1205 349 1205 348 1205 346 1205 326 1216 322 1218 319 1216 306 1207 304 1207 302 1207 301 1207 259 1216 261 1260"/></Shape>
	    <String CONTENT="seÿn kont spd. Damit ich aber mich der kürtze bedie¬"
                    HPOS="259"
                    VPOS="1185"
                    WIDTH="1684"
                    HEIGHT="109"></String>
          </TextLine>
          <TextLine ID="eSc_line_33635235"
                    TAGREFS="LT361"
                    BASELINE="257 1341 536 1330 1945 1314" 
                    HPOS="255"
                    VPOS="1256"
                    WIDTH="1690"
                    HEIGHT="109">
            <Shape><Polygon POINTS="257 1341 257 1365 315 1354 377 1363 378 1363 380 1363 382 1363 402 1350 418 1358 420 1358 422 1358 594 1349 620 1360 621 1360 623 1360 692 1347 790 1358 792 1358 794 1358 830 1345 848 1354 850 1354 852 1354 948 1347 962 1356 964 1356 966 1356 968 1356 970 1356 1135 1341 1151 1352 1153 1352 1155 1352 1156 1352 1291 1350 1292 1350 1316 1340 1389 1350 1390 1350 1392 1350 1394 1350 1494 1340 1809 1345 1818 1345 1820 1345 1822 1345 1873 1334 1942 1343 1945 1314 1942 1267 1844 1256 1842 1256 1742 1269 1468 1262 1466 1262 1396 1276 1374 1280 1352 1276 1260 1263 1258 1263 1256 1263 1254 1263 1231 1280 1220 1285 1191 1280 1117 1265 1115 1265 1113 1265 1066 1282 1049 1287 1029 1283 1004 1278 1002 1278 962 1283 942 1287 924 1285 830 1269 828 1269 790 1271 788 1271 786 1271 759 1287 754 1291 747 1289 716 1278 714 1278 712 1278 710 1278 681 1289 676 1291 670 1289 645 1283 643 1283 641 1283 640 1283 623 1291 616 1294 255 1296 257 1341"/></Shape>
	    <String CONTENT="¬en, so sage, wie daß ich in durchlesung dero hoch verehrtiste"
                    HPOS="255"
                    VPOS="1256"
                    WIDTH="1690"
                    HEIGHT="109"></String>
          </TextLine>
          <TextLine ID="eSc_line_12bb552c"
                    TAGREFS="LT361"
                    BASELINE="257 1418 714 1401 1949 1389" 
                    HPOS="255"
                    VPOS="1334"
                    WIDTH="1694"
                    HEIGHT="113">
            <Shape><Polygon POINTS="257 1418 257 1434 320 1430 331 1434 362 1447 364 1447 366 1447 368 1447 369 1447 389 1434 404 1425 498 1432 500 1432 558 1423 612 1432 627 1434 629 1434 631 1434 632 1434 634 1432 652 1421 718 1421 779 1430 801 1434 803 1434 805 1434 814 1430 841 1419 966 1419 999 1428 1024 1437 1026 1437 1028 1437 1029 1437 1048 1428 1071 1418 1089 1428 1100 1436 1102 1436 1104 1436 1106 1436 1107 1436 1136 1428 1151 1425 1165 1428 1196 1436 1198 1436 1200 1436 1240 1427 1301 1414 1345 1427 1363 1432 1365 1432 1367 1434 1457 1434 1457 1432 1459 1432 1472 1425 1499 1410 1550 1425 1570 1430 1572 1430 1573 1430 1575 1430 1595 1425 1615 1419 1657 1425 1695 1428 1697 1428 1699 1428 1711 1423 1760 1407 1831 1423 1851 1427 1853 1427 1949 1421 1949 1389 1943 1340 1878 1350 1860 1341 1851 1334 1849 1334 1847 1334 1845 1334 1844 1334 1842 1334 1831 1341 1815 1352 1762 1352 1746 1343 1729 1334 1728 1334 1639 1334 1637 1334 1559 1347 1544 1349 1535 1347 1506 1341 1505 1341 1503 1341 1490 1349 1476 1356 1361 1350 1164 1341 1162 1341 1160 1341 1120 1350 1066 1345 1064 1345 1062 1345 1029 1358 1019 1361 1004 1358 939 1343 937 1343 935 1343 890 1361 881 1363 868 1361 796 1347 794 1347 792 1347 745 1361 690 1347 689 1347 687 1347 685 1347 683 1347 658 1365 654 1369 582 1369 580 1367 533 1349 531 1349 529 1349 527 1349 480 1369 415 1356 413 1356 411 1356 409 1356 389 1370 389 1372 375 1372 337 1372 301 1352 299 1352 297 1352 295 1352 255 1370 257 1418"/></Shape>
	    <String CONTENT="verstanden, daß in der hochfrstle St. Gallisch buchtruckereÿ,"
                    HPOS="255"
                    VPOS="1334"
                    WIDTH="1694"
                    HEIGHT="113"></String>
          </TextLine>
          <TextLine ID="eSc_line_4dcbcf64"
                    TAGREFS="LT361"
                    BASELINE="239 1488 1945 1476" 
                    HPOS="237"
                    VPOS="1421"
                    WIDTH="1708"
                    HEIGHT="104">
            <Shape><Polygon POINTS="239 1488 239 1508 259 1517 261 1517 262 1517 357 1508 377 1506 382 1508 411 1517 413 1517 415 1517 417 1517 456 1506 462 1506 464 1506 489 1523 491 1523 493 1523 495 1525 544 1525 544 1523 545 1523 585 1506 591 1505 594 1506 618 1523 620 1523 621 1523 623 1525 725 1525 725 1523 835 1505 841 1505 846 1505 922 1521 924 1521 926 1521 948 1512 1046 1519 1048 1519 1049 1519 1051 1519 1075 1503 1080 1501 1117 1501 1124 1503 1149 1517 1151 1517 1153 1517 1214 1503 1218 1503 1222 1503 1312 1514 1314 1514 1316 1514 1318 1514 1332 1503 1439 1501 1497 1501 1499 1501 1541 1515 1543 1515 1544 1515 1613 1503 1671 1510 1673 1510 1675 1510 1709 1499 1720 1497 1731 1499 1764 1506 1766 1506 1800 1499 1818 1496 1943 1497 1945 1476 1940 1434 1885 1437 1873 1434 1847 1425 1845 1425 1844 1425 1797 1434 1777 1437 1766 1434 1733 1421 1731 1421 1604 1421 1602 1421 1601 1421 1546 1436 1528 1441 1450 1443 1327 1443 1312 1436 1278 1423 1276 1423 1274 1423 1272 1423 1225 1436 1153 1427 1151 1427 1106 1436 1088 1427 1086 1427 1084 1427 1082 1427 1080 1427 1064 1437 1028 1425 1026 1425 1024 1425 1022 1425 984 1437 964 1445 930 1439 866 1427 738 1427 736 1427 734 1427 690 1437 643 1428 641 1428 640 1428 612 1441 609 1441 592 1441 471 1430 469 1430 467 1430 437 1441 415 1450 355 1450 342 1441 326 1430 324 1430 322 1430 320 1430 319 1430 291 1441 286 1445 279 1443 264 1436 262 1436 261 1436 259 1436 237 1441 239 1488"/></Shape>
	    <String CONTENT="über welche Mhh vetter daß Directorium führen, eine Neü¬"
                    HPOS="237"
                    VPOS="1421"
                    WIDTH="1708"
                    HEIGHT="104"></String>
          </TextLine>
          <TextLine ID="eSc_line_f239a680"
                    TAGREFS="LT361"
                    BASELINE="257 1577 1943 1566" 
                    HPOS="255"
                    VPOS="1501"
                    WIDTH="1688"
                    HEIGHT="103">
            <Shape><Polygon POINTS="257 1577 257 1597 507 1593 536 1597 587 1604 589 1604 591 1604 616 1597 631 1592 638 1595 647 1602 649 1602 650 1602 743 1604 745 1604 747 1604 777 1595 790 1592 808 1595 859 1602 861 1602 952 1593 984 1590 990 1593 1004 1602 1006 1602 1008 1602 1010 1604 1066 1604 1066 1602 1068 1602 1095 1592 1100 1588 1227 1588 1234 1590 1260 1601 1262 1601 1263 1601 1265 1601 1296 1590 1301 1588 1311 1590 1365 1601 1367 1601 1369 1601 1405 1588 1414 1586 1479 1586 1485 1588 1505 1599 1506 1599 1508 1599 1599 1586 1606 1586 1613 1586 1675 1597 1677 1597 1766 1586 1882 1597 1884 1597 1943 1583 1943 1566 1940 1525 1867 1525 1813 1501 1811 1501 1809 1501 1744 1512 1679 1501 1677 1501 1606 1510 1367 1505 1365 1505 1363 1505 1294 1526 1100 1505 1098 1505 1058 1506 1057 1506 1055 1506 1022 1528 950 1508 948 1508 946 1508 944 1508 895 1528 794 1530 723 1519 721 1519 672 1526 629 1510 627 1510 625 1510 529 1532 493 1523 491 1523 489 1523 487 1523 460 1532 424 1514 422 1514 420 1514 418 1514 417 1514 388 1534 255 1534 257 1577"/></Shape>
	    <String CONTENT="we Notenschrifft, nach dem formular deren zu Augspurgs"
                    HPOS="255"
                    VPOS="1501"
                    WIDTH="1688"
                    HEIGHT="103"></String>
          </TextLine>
          <TextLine ID="eSc_line_17de7803"
                    TAGREFS="LT361"
                    BASELINE="270 1659 1947 1635" 
                    HPOS="268"
                    VPOS="1584"
                    WIDTH="1679"
                    HEIGHT="109">
            <Shape><Polygon POINTS="270 1659 270 1693 431 1693 435 1693 509 1675 607 1686 609 1686 786 1670 928 1677 930 1677 932 1677 959 1668 990 1680 991 1680 993 1680 1242 1664 1320 1666 1343 1679 1349 1680 1350 1680 1352 1680 1508 1679 1510 1679 1517 1675 1550 1661 1648 1659 1671 1668 1673 1668 1675 1668 1677 1668 1702 1657 1738 1671 1746 1675 1748 1675 1749 1675 1947 1668 1947 1635 1943 1593 1833 1584 1831 1584 1715 1597 1668 1601 1653 1597 1608 1584 1606 1584 1604 1584 1554 1593 1468 1586 1466 1586 1465 1586 1434 1597 1345 1588 1343 1588 1341 1588 1289 1604 1276 1606 1253 1604 1169 1595 1167 1595 1068 1608 1040 1610 1026 1608 946 1593 944 1593 821 1602 788 1595 786 1595 785 1595 783 1595 750 1612 747 1615 650 1617 621 1617 618 1615 594 1599 592 1599 591 1599 527 1599 525 1599 404 1619 395 1619 393 1619 364 1602 362 1602 360 1602 359 1602 335 1612 308 1602 306 1602 304 1602 302 1602 268 1617 270 1659"/></Shape>
	    <String CONTENT="seÿe jntroduciert worden, wie auch, daß von den wohlehr¬"
                    HPOS="268"
                    VPOS="1584"
                    WIDTH="1679"
                    HEIGHT="109"></String>
          </TextLine>
          <TextLine ID="eSc_line_02935cf5"
                    TAGREFS="LT361"
                    BASELINE="275 1735 1949 1719" 
                    HPOS="273"
                    VPOS="1668"
                    WIDTH="1676"
                    HEIGHT="103">
            <Shape><Polygon POINTS="275 1735 275 1757 306 1753 315 1757 337 1771 339 1771 340 1771 342 1771 344 1771 380 1757 395 1753 409 1757 446 1769 447 1769 449 1769 567 1757 598 1755 607 1757 638 1768 640 1768 641 1769 788 1769 788 1768 839 1757 888 1748 912 1757 922 1762 924 1762 926 1762 928 1762 939 1757 959 1749 979 1757 981 1757 982 1757 1106 1748 1122 1757 1129 1762 1131 1762 1133 1762 1135 1762 1136 1762 1147 1757 1164 1749 1253 1757 1271 1758 1272 1758 1274 1758 1278 1757 1316 1742 1472 1742 1508 1751 1510 1751 1512 1751 1575 1740 1633 1751 1635 1751 1706 1748 1724 1757 1724 1758 1726 1758 1728 1758 1729 1758 1738 1757 1800 1746 1945 1757 1949 1719 1945 1688 1840 1668 1838 1668 1836 1668 1797 1688 1795 1690 1726 1690 1724 1690 1688 1670 1686 1670 1684 1670 1682 1670 1680 1670 1651 1690 1650 1691 1572 1691 1570 1691 1543 1677 1541 1677 1539 1677 1463 1686 1399 1671 1398 1671 1396 1671 1345 1693 1345 1695 1196 1695 1089 1695 1006 1677 1004 1677 1002 1677 932 1699 875 1699 835 1679 834 1679 736 1679 734 1679 732 1679 689 1699 591 1680 589 1680 587 1680 533 1700 502 1680 500 1680 498 1680 458 1680 456 1680 455 1680 404 1700 357 1682 355 1682 353 1682 351 1682 273 1704 275 1735"/></Shape>
	    <String CONTENT="¬erds Herrn von Rheÿnauw meiner, und meinen Composizion"
                    HPOS="273"
                    VPOS="1668"
                    WIDTH="1676"
                    HEIGHT="103"></String>
          </TextLine>
          <TextLine ID="eSc_line_ee6a2437"
                    TAGREFS="LT361"
                    BASELINE="270 1820 1938 1800" 
                    HPOS="268"
                    VPOS="1744"
                    WIDTH="1670"
                    HEIGHT="116">
            <Shape><Polygon POINTS="270 1820 272 1855 306 1838 420 1838 549 1845 556 1851 567 1858 569 1858 571 1858 573 1860 712 1860 712 1858 714 1858 748 1847 770 1842 781 1847 799 1856 801 1856 803 1856 855 1847 863 1845 872 1845 915 1855 917 1855 1091 1845 1140 1853 1142 1853 1144 1853 1187 1842 1240 1827 1370 1827 1398 1838 1405 1842 1407 1842 1408 1842 1434 1838 1514 1826 1555 1836 1595 1847 1597 1847 1599 1847 1601 1847 1630 1836 1642 1831 1686 1835 1693 1835 1695 1835 1697 1835 1699 1835 1735 1824 1811 1833 1816 1833 1818 1833 1826 1833 1913 1822 1934 1831 1938 1800 1933 1766 1880 1766 1878 1766 1836 1746 1835 1746 1787 1744 1786 1744 1635 1746 1633 1746 1586 1760 1546 1748 1544 1748 1543 1748 1437 1760 1405 1753 1403 1753 1401 1753 1399 1753 1332 1771 1323 1775 1263 1775 1262 1773 1234 1758 1233 1758 1231 1758 1173 1766 1135 1753 1133 1753 1131 1753 1129 1753 1127 1753 1097 1775 1093 1777 903 1777 901 1777 857 1758 855 1758 783 1757 781 1757 779 1757 721 1778 714 1780 698 1778 607 1766 605 1766 538 1780 527 1784 427 1784 424 1782 393 1762 391 1762 389 1762 326 1762 324 1762 322 1762 268 1780 270 1820"/></Shape>
	    <String CONTENT="halber einige gedächtnus geschechen, welches alleß zu über¬"
                    HPOS="268"
                    VPOS="1744"
                    WIDTH="1670"
                    HEIGHT="116"></String>
          </TextLine>
          <TextLine ID="eSc_line_1ebc6c10"
                    TAGREFS="LT361"
                    BASELINE="277 1898 1943 1869" 
                    HPOS="275"
                    VPOS="1820"
                    WIDTH="1668"
                    HEIGHT="105">
            <Shape><Polygon POINTS="277 1898 277 1925 382 1913 545 1922 580 1923 582 1923 621 1920 709 1913 752 1918 776 1920 777 1920 779 1920 786 1916 805 1907 861 1914 872 1916 874 1916 875 1916 881 1914 919 1904 1046 1911 1106 1914 1107 1914 1153 1909 1238 1898 1343 1905 1414 1909 1416 1909 1418 1909 1436 1904 1459 1894 1483 1902 1501 1907 1503 1907 1505 1907 1506 1907 1525 1902 1548 1893 1690 1898 1829 1902 1831 1902 1943 1891 1943 1869 1940 1829 1862 1820 1860 1820 1858 1820 1826 1831 1800 1840 1624 1842 1604 1835 1575 1826 1573 1826 1528 1826 1526 1826 1525 1826 1523 1826 1508 1838 1506 1838 1499 1838 1423 1827 1421 1827 1352 1840 1314 1847 1282 1842 1214 1831 1213 1831 1064 1847 1000 1853 959 1849 854 1838 852 1838 850 1838 823 1851 817 1855 799 1853 718 1840 716 1840 714 1840 712 1840 694 1855 687 1860 562 1860 554 1858 536 1847 534 1847 533 1847 531 1847 493 1858 482 1862 475 1858 446 1845 444 1845 442 1845 313 1847 311 1847 275 1860 277 1898"/></Shape>
	    <String CONTENT="¬flüssig ware; vor dise participation Mhl. Vetteren will ich"
                    HPOS="275"
                    VPOS="1820"
                    WIDTH="1668"
                    HEIGHT="105"></String>
          </TextLine>
          <TextLine ID="eSc_line_7a1eb178"
                    TAGREFS="LT361"
                    BASELINE="281 1974 1978 1952" 
                    HPOS="279"
                    VPOS="1896"
                    WIDTH="1699"
                    HEIGHT="114">
            <Shape><Polygon POINTS="281 1974 282 2010 342 1992 458 2007 460 2007 462 2007 520 1992 683 2003 685 2003 687 2003 689 2003 707 1989 754 2001 756 2001 757 2001 759 2001 803 1987 855 1996 857 1996 859 1996 886 1987 906 2000 908 2000 910 2000 912 2000 1020 1983 1058 2000 1060 2000 1062 2001 1113 2001 1127 2001 1127 2000 1129 2000 1470 1978 1550 1994 1552 1994 1555 1994 1592 1992 1593 1992 1595 1992 1622 1974 1695 1974 1733 1991 1735 1991 1737 1991 1838 1972 1976 1989 1978 1952 1976 1918 1894 1896 1893 1896 1891 1896 1889 1896 1838 1913 1795 1898 1793 1898 1791 1898 1789 1898 1738 1920 1655 1920 1615 1904 1613 1904 1612 1904 1610 1904 1554 1923 1414 1923 1332 1904 1330 1904 1329 1904 1327 1904 1269 1920 1213 1905 1211 1905 1209 1905 1149 1918 1106 1907 1104 1907 1102 1907 1013 1916 995 1907 993 1907 991 1907 990 1907 955 1925 912 1918 910 1918 846 1931 745 1922 743 1922 707 1929 678 1916 676 1916 674 1916 672 1916 638 1931 571 1913 569 1913 567 1913 565 1913 493 1931 429 1914 427 1914 426 1914 339 1916 337 1916 279 1938 281 1974"/></Shape>
	    <String CONTENT="schuldigster massen mich bedanckht haben, umb so mehr, da ich"
                    HPOS="279"
                    VPOS="1896"
                    WIDTH="1699"
                    HEIGHT="114"></String>
          </TextLine>
          <TextLine ID="eSc_line_f62ae1aa"
                    TAGREFS="LT361"
                    BASELINE="270 2045 1958 2029" 
                    HPOS="268"
                    VPOS="1978"
                    WIDTH="1690"
                    HEIGHT="98">
            <Shape><Polygon POINTS="270 2045 270 2065 366 2074 368 2074 456 2065 473 2065 485 2065 562 2076 563 2076 565 2076 585 2065 587 2065 605 2065 663 2070 665 2070 667 2070 683 2065 699 2061 719 2065 765 2076 767 2076 832 2065 874 2059 899 2065 930 2074 932 2074 933 2076 1017 2076 1017 2074 1089 2072 1091 2072 1093 2072 1102 2065 1109 2061 1117 2065 1126 2070 1127 2070 1129 2070 1131 2070 1147 2065 1175 2058 1311 2065 1392 2070 1394 2070 1396 2070 1412 2065 1447 2056 1544 2065 1577 2069 1579 2069 1581 2069 1586 2065 1613 2052 1702 2052 1731 2063 1733 2063 1735 2063 1737 2063 1771 2050 1954 2065 1958 2029 1954 2000 1862 2000 1769 1978 1768 1978 1682 1992 1617 1981 1615 1981 1613 1981 1573 2003 1253 2003 1216 1991 1214 1991 1213 1991 1211 1991 1164 2005 1127 1987 1126 1987 1026 1985 1024 1985 1022 1985 959 2007 915 1987 913 1987 857 1987 855 1987 854 1987 810 2010 767 2010 732 1989 730 1989 728 1989 727 1989 725 1989 658 2007 631 1991 629 1991 627 1991 625 1991 476 1992 475 1992 453 2005 429 1992 427 1992 362 1992 360 1992 359 1992 357 1992 333 2009 268 2014 270 2045"/></Shape>
	    <String CONTENT="in der Continuation dero geehrtis einen so geneigten willen,"
                    HPOS="268"
                    VPOS="1978"
                    WIDTH="1690"
                    HEIGHT="98"></String>
          </TextLine>
          <TextLine ID="eSc_line_9ec98cbe"
                    TAGREFS="LT361"
                    BASELINE="275 2123 886 2123 1972 2105" 
                    HPOS="273"
                    VPOS="2056"
                    WIDTH="1699"
                    HEIGHT="103">
            <Shape><Polygon POINTS="275 2123 275 2145 473 2145 478 2146 495 2154 496 2154 498 2154 544 2146 571 2143 603 2146 699 2159 701 2159 703 2159 732 2148 828 2157 830 2157 899 2146 930 2141 950 2146 984 2156 986 2156 988 2156 1095 2154 1097 2154 1111 2146 1120 2141 1146 2145 1184 2152 1185 2152 1187 2152 1189 2152 1198 2145 1211 2137 1278 2134 1309 2145 1318 2148 1320 2148 1416 2150 1418 2150 1419 2150 1434 2145 1468 2132 1586 2145 1612 2146 1613 2146 1615 2146 1624 2145 1657 2136 1704 2145 1711 2145 1713 2145 1719 2145 1789 2128 1969 2143 1972 2105 1969 2070 1610 2056 1608 2056 1523 2070 1510 2072 1499 2070 1434 2061 1432 2061 1430 2061 1410 2070 1401 2076 1383 2072 1340 2059 1338 2059 1336 2059 1272 2072 1240 2078 1209 2072 1158 2061 1156 2061 1064 2072 986 2081 903 2072 872 2070 870 2070 868 2070 859 2072 828 2085 699 2085 670 2074 656 2069 654 2069 574 2069 573 2069 571 2069 558 2074 547 2079 536 2074 529 2070 527 2070 525 2070 273 2074 275 2123"/></Shape>
	    <String CONTENT="und geründtliche offerte erfahre, welche ich aber / wesentwegen"
                    HPOS="273"
                    VPOS="2056"
                    WIDTH="1699"
                    HEIGHT="103"></String>
          </TextLine>
          <TextLine ID="eSc_line_5e8d3148"
                    TAGREFS="LT361"
                    BASELINE="288 2201 663 2206 1960 2192" 
                    HPOS="288"
                    VPOS="2137"
                    WIDTH="1672"
                    HEIGHT="104">
            <Shape><Polygon POINTS="288 2224 342 2224 344 2224 380 2241 382 2241 384 2241 511 2232 578 2239 580 2239 582 2239 583 2239 596 2230 678 2239 680 2239 736 2237 738 2237 768 2223 805 2237 806 2237 808 2237 810 2237 841 2223 855 2232 857 2232 859 2232 861 2232 928 2226 995 2235 997 2235 999 2235 1000 2235 1026 2217 1089 2217 1097 2217 1160 2226 1162 2226 1240 2217 1274 2232 1276 2232 1278 2234 1360 2234 1360 2232 1361 2232 1363 2232 1383 2217 1454 2214 1474 2212 1711 2212 1713 2212 1789 2223 1791 2223 1793 2223 1822 2212 1893 2226 1894 2226 1896 2226 1960 2208 1960 2192 1954 2150 1773 2156 1755 2150 1724 2137 1722 2137 1720 2137 1719 2137 1686 2150 1662 2159 1452 2159 1418 2150 1416 2150 1414 2150 1412 2150 1385 2159 1369 2150 1363 2145 1361 2145 1360 2145 1358 2145 1356 2145 1347 2150 1338 2154 1330 2150 1320 2141 1318 2141 1316 2141 1271 2141 1269 2141 1224 2150 1160 2161 1133 2150 1126 2146 1124 2146 1066 2145 1064 2145 1062 2145 1051 2150 1029 2159 997 2150 981 2145 979 2145 890 2145 888 2145 861 2150 777 2165 748 2150 747 2148 745 2148 698 2146 696 2146 578 2148 576 2148 574 2150 545 2163 458 2150 456 2150 455 2150 406 2168 351 2150 349 2150 288 2150 288 2201 288 2224"/></Shape>
	    <String CONTENT="eß mihr hertzlich leÿdt ist / Umb desto wenigen kan accep¬"
                    HPOS="288"
                    VPOS="2137"
                    WIDTH="1672"
                    HEIGHT="104"></String>
          </TextLine>
          <TextLine ID="eSc_line_beb45152"
                    TAGREFS="LT361"
                    BASELINE="288 2282 732 2286 1981 2259" 
                    HPOS="286"
                    VPOS="2205"
                    WIDTH="1695"
                    HEIGHT="117">
            <Shape><Polygon POINTS="288 2282 288 2306 522 2304 524 2304 580 2322 582 2322 583 2322 750 2301 752 2301 928 2312 930 2312 1013 2299 1058 2313 1060 2313 1062 2313 1169 2312 1271 2290 1274 2290 1282 2290 1466 2306 1468 2306 1470 2306 1546 2286 1592 2301 1593 2301 1595 2302 1762 2302 1762 2301 1980 2275 1981 2259 1976 2224 1911 2224 1909 2224 1869 2205 1867 2205 1865 2205 1773 2226 1762 2228 1753 2226 1668 2208 1666 2208 1488 2212 1486 2212 1447 2232 1441 2234 1436 2232 1405 2219 1403 2219 1401 2219 1323 2234 1307 2235 1301 2234 1269 2217 1267 2217 1211 2217 1209 2217 1207 2217 1144 2235 1127 2241 1069 2241 1062 2237 1037 2221 1035 2221 1033 2221 999 2221 997 2221 995 2221 962 2237 957 2241 948 2237 913 2226 912 2226 910 2226 908 2226 875 2237 825 2224 823 2224 821 2224 819 2224 765 2241 743 2246 721 2241 680 2232 678 2232 676 2232 649 2243 632 2250 400 2252 386 2246 357 2234 355 2234 353 2234 286 2246 288 2282"/></Shape>
	    <String CONTENT="¬tieren, massen dergleichen offerte mihr schon zu zerschidenen"
                    HPOS="286"
                    VPOS="2205"
                    WIDTH="1695"
                    HEIGHT="117"></String>
          </TextLine>
          <TextLine ID="eSc_line_9f8f8dfd"
                    TAGREFS="LT361"
                    BASELINE="293 2351 803 2355 1981 2328" 
                    HPOS="291"
                    VPOS="2281"
                    WIDTH="1690"
                    HEIGHT="118">
            <Shape><Polygon POINTS="293 2351 293 2382 337 2382 339 2382 364 2399 366 2399 368 2399 369 2399 475 2380 491 2379 502 2380 549 2393 551 2393 553 2395 674 2395 674 2393 953 2388 955 2388 975 2379 1039 2386 1040 2386 1042 2386 1044 2386 1064 2373 1068 2371 1104 2373 1187 2377 1189 2377 1233 2371 1285 2364 1338 2370 1374 2373 1376 2373 1403 2370 1441 2362 1459 2368 1476 2373 1477 2373 1479 2373 1521 2368 1581 2359 1684 2364 1686 2364 1777 2355 1809 2364 1836 2371 1838 2371 1840 2371 1981 2360 1981 2328 1976 2281 1797 2299 1782 2290 1780 2290 1778 2290 1777 2290 1775 2290 1748 2304 1720 2288 1719 2288 1717 2288 1677 2286 1675 2286 1671 2286 1588 2290 1586 2290 1584 2290 1554 2312 1399 2306 1398 2306 1280 2319 1213 2319 1184 2301 1182 2301 1180 2301 1178 2301 1098 2319 1062 2299 1060 2299 1058 2299 1057 2299 981 2324 786 2324 745 2308 743 2308 741 2308 739 2308 685 2328 629 2306 627 2306 625 2306 623 2306 556 2330 458 2310 456 2310 291 2310 293 2351"/></Shape>
	    <String CONTENT="Mahlen anderwertig hero seind zu kommen; welche mihr gahr"
                    HPOS="291"
                    VPOS="2281"
                    WIDTH="1690"
                    HEIGHT="118"></String>
          </TextLine>
          <TextLine ID="eSc_line_f5b3ea8e"
                    TAGREFS="LT361"
                    BASELINE="301 2429 696 2433 1445 2417" 
                    HPOS="299"
                    VPOS="2373"
                    WIDTH="1146"
                    HEIGHT="94">
            <Shape><Polygon POINTS="301 2429 301 2451 397 2467 398 2467 400 2467 402 2467 402 2466 411 2458 480 2466 482 2466 484 2466 505 2455 574 2464 576 2464 578 2464 580 2464 591 2453 607 2462 609 2462 611 2464 725 2464 725 2462 801 2448 825 2444 834 2448 857 2460 859 2460 861 2460 990 2453 991 2453 1008 2446 1024 2440 1100 2440 1107 2446 1113 2451 1115 2451 1117 2451 1118 2451 1120 2451 1122 2451 1129 2446 1136 2440 1165 2446 1193 2449 1194 2449 1220 2444 1263 2437 1441 2442 1445 2417 1439 2380 1369 2391 1354 2380 1345 2375 1343 2375 1341 2375 1340 2375 1338 2375 1325 2382 1307 2391 1280 2382 1278 2382 1276 2382 1274 2382 1272 2382 1271 2382 1243 2395 1147 2395 1129 2386 1098 2373 1097 2373 1095 2373 1093 2373 1068 2388 1051 2395 1031 2388 999 2375 997 2375 913 2375 912 2375 910 2375 908 2375 908 2377 895 2389 886 2389 828 2399 792 2391 783 2391 781 2391 768 2393 721 2400 694 2395 663 2386 661 2386 660 2386 658 2386 656 2386 656 2388 647 2395 638 2402 556 2402 549 2397 527 2382 525 2382 524 2382 420 2382 418 2382 344 2384 342 2384 299 2399 301 2429"/></Shape>
	    <String CONTENT="nocht können in meien schild dienen. _"
                    HPOS="299"
                    VPOS="2373"
                    WIDTH="1146"
                    HEIGHT="94"></String>
          </TextLine>
          <TextLine ID="eSc_line_5739e325"
                    TAGREFS="LT361"
                    BASELINE="359 2522 747 2525 1396 2496 1965 2487" 
                    HPOS="355"
                    VPOS="2426"
                    WIDTH="1610"
                    HEIGHT="138">
            <Shape><Polygon POINTS="359 2522 359 2564 427 2549 451 2562 453 2562 455 2562 456 2562 571 2560 573 2560 574 2560 578 2556 594 2545 623 2554 634 2558 636 2558 638 2558 765 2554 797 2549 866 2535 903 2545 919 2549 921 2549 922 2549 953 2544 1008 2529 1156 2529 1180 2535 1216 2544 1218 2544 1220 2544 1303 2531 1347 2540 1349 2540 1410 2525 1439 2520 1459 2524 1506 2535 1508 2535 1621 2518 1653 2515 1677 2516 1780 2527 1782 2527 1784 2527 1820 2513 1865 2518 1867 2518 1869 2518 1889 2509 1907 2520 1909 2520 1911 2520 1913 2520 1914 2520 1965 2506 1965 2487 1963 2442 1909 2426 1907 2426 1905 2426 1829 2444 1791 2455 1641 2457 1610 2448 1577 2438 1575 2438 1573 2438 1572 2438 1541 2449 1539 2449 1534 2449 1381 2438 1379 2438 1289 2455 1213 2469 975 2473 955 2460 941 2451 939 2451 937 2451 908 2451 906 2451 904 2451 903 2451 886 2462 883 2464 863 2462 806 2457 805 2457 803 2457 774 2464 738 2473 683 2466 665 2464 663 2464 614 2467 556 2471 549 2467 533 2460 531 2460 529 2460 355 2471 359 2522"/></Shape>
	    <String CONTENT="Jch darff Mhl. Vetteren wohl offenbahren, wie daß"
                    HPOS="355"
                    VPOS="2426"
                    WIDTH="1610"
                    HEIGHT="138"></String>
          </TextLine>
          <TextLine ID="eSc_line_2ca22bdb"
                    TAGREFS="LT361"
                    BASELINE="304 2596 754 2607 1481 2573 1985 2567" 
                    HPOS="302"
                    VPOS="2515"
                    WIDTH="1683"
                    HEIGHT="132">
            <Shape><Polygon POINTS="304 2596 304 2642 377 2647 378 2647 380 2647 382 2647 391 2640 404 2631 513 2636 611 2642 612 2642 614 2642 643 2632 674 2623 703 2631 730 2638 732 2638 734 2638 828 2636 881 2625 939 2614 971 2623 973 2623 975 2623 977 2623 979 2623 981 2623 1008 2609 1049 2622 1080 2631 1082 2631 1084 2631 1164 2618 1254 2602 1427 2600 1477 2609 1534 2620 1535 2620 1537 2620 1566 2607 1588 2594 1740 2593 1773 2600 1797 2607 1798 2607 1800 2607 1838 2598 1882 2589 1911 2596 1951 2609 1952 2609 1954 2609 1956 2609 1985 2594 1985 2567 1983 2525 1963 2515 1962 2515 1960 2515 1958 2515 1925 2525 1907 2533 1869 2527 1809 2518 1807 2518 1731 2529 1728 2529 1724 2529 1628 2522 1626 2522 1555 2533 1466 2545 1370 2536 1369 2536 1367 2536 1343 2549 1234 2551 1142 2538 1107 2535 1106 2535 1104 2535 1093 2540 1064 2553 1042 2545 1040 2545 1039 2545 1037 2545 1000 2558 825 2560 794 2545 792 2545 790 2545 788 2545 728 2562 654 2551 652 2551 650 2551 607 2565 565 2553 563 2553 562 2553 560 2553 536 2564 475 2549 471 2549 469 2549 302 2551 304 2596"/></Shape>
	    <String CONTENT="ich freÿlich schon ville Monat her meine nicht so vill kunstreiche"
                    HPOS="302"
                    VPOS="2515"
                    WIDTH="1683"
                    HEIGHT="132"></String>
          </TextLine>
          <TextLine ID="eSc_line_4d05de88"
                    TAGREFS="LT361"
                    BASELINE="301 2678 665 2687 1523 2652 1992 2647" 
                    HPOS="299"
                    VPOS="2589"
                    WIDTH="1693"
                    HEIGHT="129">
            <Shape><Polygon POINTS="301 2678 301 2705 344 2718 346 2718 348 2718 349 2718 351 2718 371 2703 375 2703 424 2703 447 2703 478 2716 480 2716 482 2716 676 2701 774 2709 776 2709 859 2696 874 2705 875 2705 877 2705 879 2705 984 2703 1109 2685 1189 2698 1191 2698 1231 2696 1233 2696 1234 2696 1262 2680 1272 2680 1403 2687 1405 2687 1407 2687 1408 2687 1427 2676 1428 2674 1635 2671 1673 2680 1675 2680 1677 2680 1679 2680 1704 2671 1735 2680 1737 2680 1738 2680 1829 2667 1951 2676 1952 2676 1954 2676 1992 2660 1992 2647 1989 2594 1914 2589 1913 2589 1911 2589 1894 2596 1862 2613 1827 2598 1806 2591 1804 2591 1802 2591 1641 2603 1575 2598 1573 2598 1572 2598 1570 2598 1555 2607 1550 2611 1530 2609 1461 2600 1459 2600 1457 2600 1427 2613 1390 2625 1358 2614 1327 2603 1325 2603 1323 2603 1321 2603 1320 2603 1300 2616 1291 2620 1231 2618 1198 2618 1196 2618 1194 2618 1193 2618 1191 2620 1175 2631 1118 2622 1066 2614 1064 2614 1062 2614 1060 2614 1046 2625 1033 2632 1008 2625 999 2623 997 2623 995 2623 970 2627 899 2638 859 2631 803 2620 801 2620 799 2620 797 2620 777 2632 763 2643 565 2649 505 2649 489 2643 437 2627 435 2627 433 2627 431 2627 402 2636 324 2632 322 2632 320 2632 319 2632 299 2643 301 2678"/></Shape>
	    <String CONTENT="alß harmoniose, und concept-reiche wercke dem Publico durch"
                    HPOS="299"
                    VPOS="2589"
                    WIDTH="1693"
                    HEIGHT="129"></String>
          </TextLine>
          <TextLine ID="eSc_line_e1a5fa08"
                    TAGREFS="LT361"
                    BASELINE="301 2758 748 2763 1421 2729 1956 2716" 
                    HPOS="299"
                    VPOS="2667"
                    WIDTH="1657"
                    HEIGHT="130">
            <Shape><Polygon POINTS="301 2758 301 2781 375 2781 378 2781 418 2794 420 2794 422 2794 511 2783 533 2797 534 2797 536 2797 538 2797 696 2778 747 2790 748 2790 750 2790 1042 2783 1044 2783 1104 2759 1107 2759 1113 2759 1202 2778 1204 2778 1205 2778 1207 2778 1227 2765 1379 2767 1381 2767 1383 2767 1421 2750 1423 2750 1430 2750 1510 2759 1512 2759 1568 2747 1570 2747 1572 2747 1642 2756 1644 2756 1646 2756 1670 2743 1673 2741 1956 2734 1956 2716 1952 2683 1844 2667 1842 2667 1840 2667 1780 2685 1773 2687 1746 2687 1573 2676 1572 2676 1570 2676 1534 2690 1525 2692 1508 2690 1441 2680 1439 2680 1437 2680 1405 2692 1389 2700 1325 2700 1285 2694 1222 2685 1220 2685 1095 2692 1093 2692 1073 2698 1031 2709 995 2700 981 2696 979 2696 977 2696 975 2696 973 2696 970 2700 953 2712 910 2712 888 2701 879 2696 877 2696 875 2696 874 2696 855 2701 819 2714 797 2703 792 2700 790 2700 788 2700 770 2703 709 2718 665 2709 663 2709 600 2721 547 2707 545 2707 544 2707 542 2707 531 2707 422 2720 299 2712 301 2758"/></Shape>
	    <String CONTENT="den truckh oder kupfer vergönnet hätte; allein, weilen der"
                    HPOS="299"
                    VPOS="2667"
                    WIDTH="1657"
                    HEIGHT="130"></String>
          </TextLine>
          <TextLine ID="eSc_line_37550522"
                    TAGREFS="LT361"
                    BASELINE="313 2848 703 2854 1544 2808 1965 2801" 
                    HPOS="310"
                    VPOS="2745"
                    WIDTH="1655"
                    HEIGHT="150">
            <Shape><Polygon POINTS="313 2848 313 2879 339 2879 366 2895 368 2895 369 2895 371 2895 553 2890 658 2872 790 2881 792 2881 892 2859 937 2868 939 2868 993 2857 1011 2866 1013 2866 1015 2866 1086 2850 1089 2850 1091 2850 1176 2866 1178 2866 1180 2866 1182 2866 1214 2846 1356 2848 1358 2848 1505 2834 1515 2834 1534 2834 1557 2834 1586 2850 1588 2850 1590 2850 1592 2850 1661 2848 1662 2848 1726 2826 1791 2843 1793 2843 1795 2843 1900 2839 1902 2839 1965 2816 1965 2801 1962 2758 1867 2750 1865 2750 1784 2761 1762 2763 1758 2761 1728 2745 1726 2745 1724 2745 1722 2745 1720 2745 1691 2763 1690 2765 1657 2765 1648 2763 1568 2747 1566 2747 1465 2750 1463 2750 1428 2768 1416 2776 1398 2770 1389 2767 1387 2767 1385 2767 1383 2767 1381 2767 1378 2770 1365 2779 1283 2781 1247 2774 1211 2765 1209 2765 1162 2776 1155 2776 1149 2776 1115 2770 1113 2770 1111 2770 1098 2776 1069 2790 962 2781 961 2781 959 2781 910 2796 863 2783 861 2783 859 2783 857 2783 805 2797 757 2790 756 2790 754 2790 730 2803 672 2787 654 2781 652 2781 650 2781 649 2781 638 2787 596 2810 549 2812 504 2812 466 2792 460 2788 458 2788 456 2788 310 2794 313 2848"/></Shape>
	    <String CONTENT="kupferstich den kauffendten liebhaber in der bezahlung ag¬"
                    HPOS="310"
                    VPOS="2745"
                    WIDTH="1655"
                    HEIGHT="150"></String>
          </TextLine>
          <TextLine ID="eSc_line_eb22145f"
                    TAGREFS="LT361"
                    BASELINE="315 2937 714 2937 1341 2897 1987 2877" 
                    HPOS="313"
                    VPOS="2828"
                    WIDTH="1674"
                    HEIGHT="158">
            <Shape><Polygon POINTS="315 2937 319 2984 349 2975 373 2982 386 2986 388 2986 389 2986 391 2986 393 2986 400 2981 424 2966 489 2977 534 2984 536 2984 640 2981 641 2981 667 2970 689 2959 777 2952 797 2962 814 2972 816 2972 817 2972 819 2972 859 2961 886 2953 906 2959 941 2966 942 2966 1008 2953 1075 2941 1133 2948 1155 2950 1156 2950 1182 2946 1245 2933 1296 2941 1376 2952 1378 2952 1659 2941 1800 2917 1849 2910 1987 2910 1987 2877 1980 2836 1898 2843 1882 2839 1847 2828 1845 2828 1844 2828 1688 2846 1679 2846 1677 2846 1651 2837 1650 2837 1648 2837 1548 2848 1525 2841 1523 2841 1521 2841 1519 2841 1517 2841 1505 2852 1476 2843 1474 2843 1472 2843 1289 2850 1287 2850 1256 2863 1240 2870 1207 2865 1151 2856 1149 2856 1147 2856 1117 2868 1100 2877 1046 2877 1033 2872 1011 2863 1010 2863 1008 2863 952 2875 915 2885 772 2888 745 2883 705 2875 703 2875 701 2875 683 2886 669 2894 569 2895 554 2890 534 2883 533 2883 531 2883 529 2883 511 2892 498 2899 484 2894 466 2886 464 2886 462 2886 460 2886 458 2886 446 2895 442 2897 426 2895 384 2890 382 2890 313 2899 315 2937"/></Shape>
	    <String CONTENT="¬gravieret, so habe ich weit andere mesures gefasset, und mich"
                    HPOS="313"
                    VPOS="2828"
                    WIDTH="1674"
                    HEIGHT="158"></String>
          </TextLine>
          <TextLine ID="eSc_line_9948e860"
                    TAGREFS="LT361"
                    BASELINE="1780 2961 2030 2957" 
                    HPOS="1778"
                    VPOS="2895"
                    WIDTH="252"
                    HEIGHT="106">
            <Shape><Polygon POINTS="2023 2917 1969 2917 1965 2915 1913 2895 1911 2895 1909 2895 1778 2908 1780 2961 1784 3001 1804 2986 1867 2995 1902 2999 1904 2999 2029 2982 2030 2957 2029 2944 2023 2917"/></Shape>
	    <String CONTENT="durch..."
                    HPOS="1778"
                    VPOS="2895"
                    WIDTH="252"
                    HEIGHT="106"
                    WC="0.9103535860776901"></String>
          </TextLine>
        </TextBlock>
      </PrintSpace>
    </Page>
  </Layout>
</alto>
