2448 3264
172 210 1710 179 Ihme gesagt, daß ich ohnbeweglich auf meinem nest satz bleiben

146 304 1728 149 werde, so Jch in meinem schreiben undter dem 5. Martij huius anni

161 377 1708 159 vorgetragen. Wan also Herrn Vetter recht ernst, und

155 475 1736 137 mit mihr nicht etwan nur ein kurtzweil stillen will, dar¬

154 553 1733 145 ¬zu ich keine Zeit habe mit Traum=gleichends gespässen mich

154 623 1724 151 zu verweilen, so will ich zum letsden mahl noch diese 2 project

155 705 1719 158 Jhme vorleggen. Namblich das erste ist daßjenige, so letzlichen

159 794 1728 127 Ihm proponiert; benautlich, daß vor daß erste werck sie

152 874 1735 125 mihr 100. Thler, den Thlr à 30. schweitzer batzen, nebst 12. exem¬

146 959 1745 112 ¬plarien, geben soltden, nebst einer versicherungs=schrifft, das

161 1035 1748 109 sobald ich Jhm das werckh, und sie mihr daß geld und exempla¬

145 1113 1766 109 ¬ria extradiert werden haben, ich auf ewige Zeiten an dem

141 1193 1799 114 werck des Nutzens halber, und sie an mihr zu ewig Zeits deß

165 1272 1715 113 schadens halber keine prætension machen könten, noch

148 1361 1708 95 wolten. /. Wan sie dises werden also vollziechen, so

154 1439 1737 109 verspriche Jhnen daß andere werckh zu verehren, und

159 1526 1735 107 zu gleicher Zeit mit zu bringen, von welchen ich nur 12

152 1615 1759 102 exemplaria, die dedication, und auch eine solche schrifft vor¬

154 1693 1750 107 ¬behalte, sonsten weiter nichts. Dises ist daß erste

155 1771 1765 123 project, wie in dem letsten brieff schon gemeldet, ohne

163 1865 1760 106 fernere, particularia beyzüsetzen. Ist aber dieses nicht

161 1947 1726 102 angenemb, so will ich Jhnen noch ein anders vorleggen,

166 2025 1772 107 welches mihr Hr OberVogt proponiert. _ Er sagte: Weil

170 2090 1744 131 ich gedancken habe daß erste werckh S:er hochfrüsth Gnd zu St.

174 2172 1740 129 Gallen zu dedicieren, wolte er mihr anrhaten, daß ich das

175 2255 1750 136 werck höchst Gedacht Frst Gde solte verehren, inmassen

175 2326 1805 149 die discretion so ansehnlich seÿn würde, daß es mihr jederzeit

177 2404 1774 141 die Reiskösten vor mich, die 2 Musicanten, und Diener aus¬

177 2502 1737 134 ¬halten würde? Darauf antwortete ich: daß wan eine

183 2585 1713 156 solche hoche Persohn mihr schon eine Goldene, oder silberne

188 2652 1723 184 Uhr, Tabattiere, degen, ring ps ps oder dergleichen verehren

183 2723 1759 192 würde, so wäre es mihr nicht geholffen, dan ich müsste

192 2837 1737 165 solches verkauffen, und zu Geld machen, umb damit ich

186 3002 75 64 die

281 2912 1653 197 2. Musicanten, den Rössler, die Reiß, und alle accidentialia

1675 3010 306 101 daraus...
