2448 3264
297 239 1677 136 bögen auf großem und breiten Italienischen regal papier geschriben

290 319 1682 123 und auf jeder seiten blatt seind 10 linien. Daraus zu

297 395 1688 125 sehen, daß dieses nicht ein kleines werck. Daß andere

284 482 1699 109 ist noch einemahl so groß, welches auß 4 gantzen Messen

286 554 1695 127 bestehet, eine jede Mess enthaltet in sicht 2. Kyrie, 1. Christe,

284 632 1679 113 Gloria, Graduale, Credo, und concerto, das Sanctus und

282 718 1678 92 agnus Dei werden aus dem Gloria oder Credo widerumb

277 799 1728 96 heraus gezogen. Eine solche Mess dauert über eine starcke

286 879 1726 103 stund, allein diese seind eingerichtet, daß man auß einer

290 964 1693 85 2 bis 3. Messen machen kan. p Dises werck ist in 11. real

291 1035 1734 96 stimmen aus getheilt, ohne die solo blätter, welche noch à parte

293 1111 1707 93 seind. Daß 3to werck is in 6 kleinere Messen ein¬

286 1185 1697 107 ¬getheilt, welche mit auf geraumbten concepten, doch der Kirch

286 1265 1578 95 und dem haus Gottes nicht unanstendig verfasset.

306 1340 1677 101 Mit diesen 6 Messen hatt es eine so nambliche beschaffenheit,

301 1427 1719 99 alß wir mit den 4 Erstern. Daß 4to opus ist das aller

295 1512 1697 101 gröste, und so gross, daß man fast 2 daraus machen könte.

293 1599 1737 94 es haltet in sich vesper, deren eine eine stund lang, 2 letaneÿ

302 1680 1716 89 2 De Deum, veni acator, einige Tantum ergo, Miserere, eine von

295 1764 1712 87 gedachter letaneÿen und ein miserere jedeß dauret über 3. viertel

299 1835 1695 96 stund, ein Te Deum. eine starcke halb stund. allein diese com¬

299 1918 1681 92 ¬position seind alle eingerichtet, wie die obbesagte Messen, also,

301 1983 1693 100 daß man Sie verlängern od verkürten kan; dan alles mit Solo,

304 2063 1692 109 und ripien underbrochen ist. _ Das 5te werckh, welches auch

310 2146 1697 107 nicht weniger gross ist, bestehet auß villen grossen und keinen

310 2226 1668 100 Magnificat Alma, Ave Regina, Salve Regina, und Tantum ergo

308 2293 1697 109 nebst andern darzu gesetzen Responsoria pp so gebreüchlich. Alle

319 2360 1690 120 dise wercken von dem ander angefangen bis auf dieses letste,

319 2448 1682 117 haltet ein jedes in sich 11. real Stimmen ohne die Solo. _ Welches

328 2531 1690 132 gewis ein last pasir ist, massen ein Mans hochen kasten mit an¬

324 2614 1696 120 ¬gefüllet habe, welcher wohl 6 schuo breit ist. p Dises ist die

328 2678 1644 150 Description meiner 5. wercker. Das also eteh Eh wir

328 2765 1653 141 auch dero buchhändler von mihr erfahren mögen, das ich nicht in¬

330 2843 1661 156 ¬discriminatim von jedem werckh 100 Ther und 12 exemplaria be¬

1878 2926 113 107 ¬gehre...
