2448 3264
65 18 32 81 2

268 99 1761 200 composizionen / dan ohngerümbt darff ich sie also nennen /

262 190 1747 167 die so sehnlich verlangen meine werckh in publico zu sehen.

422 272 1576 172 Mihr wäre also leÿdt, wan dem neüwen St. Gallischen

257 353 1775 156 Noten druckh an die Nasen ein anderer neüwer sol¬

259 438 1795 158 ¬te gestelt werden, der gewisslich eben so florisant und¬

253 531 1765 150 ¬ter der jenigen hoch Obsicht gedachten fürst Persohn, als

257 607 1808 160 der Direction meiner eigen Persohn würde werden, als was

248 689 983 116 vor einer jmmer seÿn wird. _

1349 738 656 94 Jch repliciere meine

235 777 1808 142 Wort, und sage nicht droweiß, sonders in aller vetterlichen

239 859 1828 151 Freündtligkeit, daß ich nicht schärtze, sonderen in Ernst schreibe,

237 944 1764 138 und wan sie das erste glauben, so wollen sie mihr nur

244 1020 1786 144 Nein schreiben, so werden sie erfahren, waß ich hier oben

237 1113 1783 140 geschriben, daß eß Ernst seÿe, und ernst solle werden;

255 1202 1775 121 gehen sie aber die Punckten ein so wird das erstgedachte

233 1278 1772 127 Project widerumb null und nichtig gemacht werden,

228 1367 1792 129 derowegen Ew mihr nur eine cathegorische Antwort mit

230 1448 1810 142 ja, oder nein, ohnversaumbt einsenden wollen, welche ich hoffe,

232 1537 1766 125 daß sie mihr nicht abseÿn werden. Wan Jhnen

226 1628 1765 127 meine Dienstfertigkeiten in musicalischen Geschäfften

224 1713 1803 125 nicht können noch wollen anstendig seÿn, so bitte mihr in

228 1800 1786 118 anderen sachen Gelegenheit an die Hand zu geben, daß

228 1882 1759 118 ich in der That erzeigen könne, daß ich jedannoch seÿn, und

226 1963 1804 124 seÿn werde mit aller erforderlichen Schätzbarckeit p. vid. Orig.

400 2056 1641 116 P. S. Wan Ew etwan noch eine Zeügnus nötig hätte

237 2134 1793 121 umb zu wissen, in waß vor einem Werth meine compo¬

259 2223 1781 103 ¬sizion gehalten werden, bitte J. P. / Herren Vetteren

228 2302 1781 113 LandtVogt zu liechtensteeg zu schreiben, der Jhnen

239 2384 1786 111 umbständlich berichten wird; waß er in seiner Aufen¬

266 2477 1803 107 ¬halt in hier gehöret hat, dan er nennete meine Musique

290 2556 1728 120 eine fürstliche Music die man vor königlichen hööffen

301 2652 1086 102 müsste hören lassen. ss vid. Origl.

359 2723 1677 138 Auch auf dises Schreiben erfolgte keine ant¬

328 2839 1726 94 wort, durch welches außbleiben ich also mihr nichts weiteres

306 2914 1730 105 einbildete, alß daß man in St. Gallen auf meine brief

1873 3015 137 94 und
