2448 3264
565 174 1699 183 über gnugsambe zeügnus habe, wan eß nötig wäre / die

554 268 1714 163 vornembste Meÿster Italiens nichts geschochen, au contraire

576 351 1687 167 ich kenne noch wohl jene zeiten, daß ich die in höchstem werth

576 420 1690 189 stehende virtuosi dergestalten in Subjection gesetz, daß sie

576 511 1705 172 kaum so vill muth gehabt, Ihre concept in offentlichen und ser

573 591 1709 165 critischen adelichen zusammen kunftten auß zu führen. bitte

576 681 1716 160 nur Meh Vetteren, beglaubt zu seÿn, daß dises oberwente

582 768 1715 154 nicht aus einem eigenseinnigen hochmuth schreibe, sonderen

583 846 1727 165 dieses geschichet, weilen ein jeder kram̃er darf seine war¬

580 930 1717 145 ren rhümen, und herausstreichen, also mihr in solchen

582 1002 1722 158 umbständen wird erlaubt seÿn, die reine wahrheit zu sagen,

582 1086 1728 156 weilen per accidenz darzu veranlasset bin solcheß zu schreiben.

707 1173 1597 138 Der eintzige undterschid ist zwischen einem Mercant und

609 1243 1697 149 mihr, daß jener interesse halber solches thun muss, wan er

609 1327 1699 139 anderst will zu leben finden, ich aber von meinen Composizi¬

603 1403 1707 165 ¬on, mein brod nicht suchen muss. _ Schlusslichen sage ich

621 1496 1694 152 also, daß ich mich gahr nicht werde lassen überreden, meine

612 1583 1638 137 opera auf eignen verlaag verfertigen zu lassen. _

714 1642 1594 156 solte aber geschechen, daß Mel Vetter wolte ein werck

625 1733 1665 143 zur prob auf eignen nutzen, und schaden übernem̃en, so

627 1818 1654 131 will ich hier eine action meineß danckbahren gemüths

632 1891 1683 149 gegen dem hochfrstl Gottshaus verüben, welches ich ge¬

625 1956 1705 142 ¬wiss niemand thun wurde, wan eß nicht aus besoders

640 2038 1684 152 hocher Consideration geschechen würde; namblichen: wan

643 2119 1661 138 in der hochfrstl St Gallischen buch druckerey alle zu einem

647 2205 1663 121 Noten druckh erforderliche requisita, nach der form jener,

665 2264 1657 138 so des lotters seehl Erben zu Augspurg haben, sich befinden

661 2350 1658 116 so declariere, und verbinde mich daß erste werck ohne

661 2426 1681 119 eintziges jnteresze /. anderst, als mihr no 24 sage vierund¬

674 2507 1656 115 zwantzig exemplar und die Dedication vorbehaltend, wie

672 2593 1649 97 auch so bald sie getruckt mihr Francò zu liferen, und

676 2663 1637 104 zwar vor, ehe ein andereß dorten verkauftt wird. / Ihnen

689 2745 1648 98 schencken will, vor die Nachkomendte werkh aber solle ein

687 2819 1663 104 accord danne getroffen werden. _ Wan dise proposition

2148 2903 194 99 also...
