2448 3264
248 253 1652 113 auf die anhöh von Mont' alban hinder die linien uns

253 353 1680 87 retiriere, allwo wihr 20 tag gelageret waren, und endtlich

253 417 1678 107 wurden wihr in selben von dem feind bestürmet, beÿ welche¬

250 505 1648 97 ¬em angriff ich gefangen, nach 8 tägiger gefangenschafft

252 589 1628 85 aber auf einem Officiers parole nacher haus zu reisen,

252 656 1681 91 bin entlassten worden. Zu der ruckreiß durch daß

261 725 1670 100 Piemont hat man zu Conj, Navarra, und Meiland mihr die

262 806 1654 98 ersinnlichiste Ehrenbezeügungen und höffligkeiten er¬

253 888 1685 94 ¬wisen, ja so gahr wurde man in meine Camer=Sonate zu

253 962 1678 106 Meiland, allwo mich eien gantzen Monat aufgehalten derge¬

261 1039 1661 94 ¬staltd verliebt, daß nachdem ich auf inständigeß bitten

262 1104 1680 110 und anhalten selbe abschreiben zu lassen, nicht hergeben

261 1187 1699 105 wolte, Meirem mihr über meine Reiscofferen hatt brechen

264 1258 1681 109 lassen, selbe ohne mein wissen heraus genom̃en, und

272 1330 1675 118 zwar in einer zeit, da mich auf ein soldgut aussert Mei¬

264 1414 1679 112 ¬and einige täg aufhielte, selbe folglich haben copieren

272 1501 1644 111 lassen, welches erst nach langer zeit, da eß zu spath

281 1586 1675 91 wäre, vernom̃en habe. Letstlich langte ich in dem

286 1659 1672 109 junio zu lucern, als in meinem vatterland, gantz gesund

275 1733 1681 112 und glücklich an, und da ich vermeinte das vergnü¬

275 1818 1685 105 ¬gen zu haben eine gute Kirchen musique anzutreffen,

279 1893 1683 107 müsste ich mit grossem vertruss hören, daß alleß in

279 1965 1677 105 dem alten stund, wie vorhero, welcheß mich also veran¬

282 2040 1674 123 lassete, daß ich anfienge über kopf und halß Kirchen

291 2130 1658 104 compositionen zu verfertigen, welche auch mit grossem

301 2197 1675 111 Rumb und lob seind produciert, und approbiert worden.

348 2268 1621 118 fienge also an mich auch in unserem land allenthalben

302 2342 1641 120 berümbt zu machen, da man jedanoch schon vor leüfig

308 2422 1677 136 ein vorgeschmack meiner musicalischen wissenschafft inder

315 2496 1601 144 schweitz gehabt.– Jch wurde eben mässig in ville Ohrt

302 2573 1665 134 beruffen, umb die Music auf den heüt zu tag üblichen

315 2654 1661 149 fuss zu stellen, welches zu eschenbach, und anderwertig

322 2796 394 98 geschechenen.

464 2821 1514 138 weilen aber meine Composition, anfiengen

1853 2895 81 102 sich...
