2448 3264
228 159 1728 103 oder apprehendieren müsste, welches in Meiland eine be¬

208 244 1737 96 ¬kante sach ist; damit ich aber auch beseres funda¬

210 322 1748 100 ment in dem violin besitzen möge, habe den hr. Galimbertj

213 404 1741 94 vor Meinen Meister mihr auserwählt, der mich 3. Mo¬

208 485 1764 95 ¬nat lang jnstuiert, wie man nach der Regel den bogen

217 565 1783 105 führen, und die finger in den Transport ansetzen müste.

400 645 1567 96 In dieser statt habe ich nicht weniger aus mihr

217 718 1757 110 selbsten gelehrnt die Viola, Controbass, und ein wenig

221 796 1737 123 das Psalterium zu schlagen. Endtlichen nach fast

219 875 1761 116 anderthalben jJahren habe ich widerumb angefangen zu

223 962 1724 106 componieren, und zar meine camer Sonate vor die

226 1040 1763 106 fmetten, welche in Meiland ser hoch gehalten worden.

355 1117 1614 110 Weilen aber A^o. 1741 mein herr Gross vatter

226 1202 1777 99 mit meinem grösten bedauren das heitliche gesegnet,

226 1271 1759 118 und zu end dises jahrs das lotle Regiment Keller aufge¬

230 1358 1786 116 richtet wurde, hatt herrVatter in selben mihr aucheine

221 1448 1788 109 Officiers stell erhalten, zu welchen Regiment ich A^o 1742 in

221 1534 1806 112 dem Mertzen abgereiset bin. zu disem jahr habe ich nicht

224 1615 1770 114 vill zeit gefunden zu componieren, wie folgendts zu ver¬

223 1711 1780 102 nem̃en seyn wird, indessen habe bey angestelten Musiques

230 1784 1757 114 nicht nur zu Jvrea, Augusta, Novarra, allwo ich bey dem Mar¬

232 1873 1724 96 quis Rivarole gewessten vice könig in Surdinien, und

233 1942 1765 112 Gouverneur gedachter vestung /. der sonsten kein heründ

242 2034 1763 94 der Oficiers ist. / ein favorit gewesen, sonderen auch ab¬

237 2110 1754 107 sonderlich in der könige haupt nd Residentstatt zu

241 2195 1762 104 Turin, und hernach zu Coni, Nitza, und Cagliari in sarde

239 2281 1770 96 nien durch mein stinetten sihlen grossen applaus, und

248 2357 1762 96 villes ansehen erworben; da unser erstes Battaillon

244 2444 1774 98 in Jvrea kaum recht Complet warr, Müste selbes nachen

252 2520 1775 116 Novarra in die garnison, allwo auch zu gleich das anderte

246 2603 1797 126 aufgerichtet wurde, sich verfügen; Nach 2 Monaten wn¬

253 2680 1779 136 de dem ersten Battaillon angezeiget, das selbes nachen Conj

268 2774 1768 125 marchieren solte; da wihr also in gedachter vestung waren

268 2856 1737 134 kame die anderte ordre, dass wihr nacher demont abreisen

1749 2946 294 93 solten....
