2448 3264
556 166 1721 178 ¬gehre, so will ich Jhnen ein neüwes, und gantz geendertes

554 257 1719 149 recht discretes project vorleggen, massen ich nicht zweifflen will

558 335 1714 158 daß sit und der buchhändler dasselbe werck billich und ap¬

558 427 1692 144 ¬probiern. Ich begehre vor das erste opus der 33. arien,

560 496 1713 156 welches ein undisputierlich grossen abgang finden wird, 100 Thler

562 576 1719 158 und 12 exemplar, wie schon gesagt, und dises werde ich / in

560 658 1724 158 confidenz eweds gesagt/ S.re hochfestt Gden zu St. Gallen mit aller

573 747 1700 148 danckbahristen ehrenpietigkeit dedicieren. Sie wollen nun

571 821 1730 158 wohl achtung geben was ich hier weitters schreiben werde wan

569 901 1743 161 Eglh mihr also vor dises erste werckh diese 100 thlr werden zu sagen,

573 982 1742 145 welches auch von dem buch händler underschriben solle confirmiert

576 1057 1736 154 werden, so werde ich auf de 1. Juli / geliebts Gott / in dem hochfüst

582 1140 1735 160 stüfft St Gallen nebst einigen virtuos musicantden von hier alldort

587 1222 1737 154 anlangen; Ehe aber ich dort eintrefen werde, so verlange ich ohnum¬

592 1294 1701 171 ¬gänglich von Eitd, daß sie eine abgefasste schrifft von Jhnen,

587 1378 1752 150 und dem buchhändler underschriben mihr einsenden wolt mit disen

587 1461 1737 174 zwahr ohnmasgeeblichen, doch eigentlichen Jnhalt, wie wir mit dieser

607 1559 1721 145 schrifft declariertden, daß sie mit mihr ein accord ratione eines

607 1635 1719 152 operis von 33 Arien getroffen; so fern ich in St Gallen angelangt

598 1715 1714 152 wäre, und dises Jhnen werde extradiert haben; sie sich obligiern

611 1793 1710 141 100. Thler à 30 schweitzer batzen den Thler gerechnet, vor selbes mihr

614 1865 1714 149 imediatè zu bezahlen, und so bald dises werck getruckt wäre,

623 1943 1703 149 auch noch 12 exemplaria wollen franco einliffern, und wie das

621 2036 1696 134 nach empfangen disen 100 Thler und 12 exemplaria, ich an

625 2099 1692 154 disem werckh könfftig zue keinem ferneren theil noch des

623 2201 1594 132 nutzens noch schadens halber haben solte.  _

839 2244 1449 155 Wan ich dise declaration haben werde, welches ich

647 2335 1661 142 umb so mehr hoffe, weil daß hier nachfolgendte dise

652 2404 1672 150 desto leichter machen wird, so verspreche, daß ich, wie obge¬

647 2489 1694 151 sagt, fersöhnlich dort erschein werde, welche decaration,

652 2569 1683 158 wan sie vor der zeit nicht auf diesem fuß eingerichtet

661 2656 1667 122 anlangen würde, mein hr Vatter mich nicht würde ent¬

674 2745 1654 120 ¬lasten, noch weniger ich solche grosse Reis köst noch könte

674 2821 1638 118 noch wolte aushalten. Wan Jhnen aber belieben wird dieses

2214 2879 123 105 ohne¬
