2448 3264
277 217 1629 147 wegen dem von Ihme erlehrnts so guten fundament,

274 296 1684 160 genugsamb danckbahrlich mich einzustellen, aussert stand

274 386 1678 147 mich befinde. Jch habe auch so vill beÿ Jhme erlehrnet, das

266 456 1678 147 under disen 6. Jahren, schon im Neünth jahr meines alters

280 524 1653 156 Jhme alle Chör, und Kirchen Musiques verrichten könnte.

307 601 1621 155 A^o 1732 wurde ich in dass Closter nacher Neües St. Jo¬

282 685 1646 144 Johann in dem toggenburg, und under dass hochfnsle stüfft

285 761 1662 131 St. Gallen gehörend, versendet, alldorten brauchte ich keinen

277 840 1654 133 Meister mehr, sondern exercirete mich nur under der Ob¬

282 922 1646 127 ¬sicht meines Oncle R. P. Laurentÿ Rusconj, der zimblich

274 998 1687 128 wohl in den galanterie stucken deß Orgelschalgens erfahren

277 1071 1640 128 ist; nachdem ich aber beÿ mihr selbsten erweget, daß beÿ

274 1145 1676 130 anderen zim̃er und cam̃er musiques keine Orgel und selten

274 1229 1668 117 eine Spinetten anzutreffen, ich also beÿ solchen Musicken

266 1300 1667 119 unnötig wäre, bin ich auf die gedancken gefallen, daß

266 1381 1681 125 Violin und Violoncello streichen zu lehren, welches auch

263 1452 1684 144 durch die anleithung des hr. P. Hyeronimi königs capitular

266 1536 1692 136 deß hochfrstl stüffts, als damahlig gewesenen Profesoris

266 1618 1624 120 und Instructoris in der music, in gedacht Closter zu

263 1708 1676 103 St. Johann vollzogen worden. A^o 1734 hatte ich die Gnad

263 1781 1681 112 auf die frstl. schuel zu St. Gallen zu kom̃en, allwo ich so

272 1857 1680 117 gute gelegenheit fande mich in der music zu perfectionieren;

291 1928 1618 114 alles da haltete mich nicht langen, alß 14. Wochen in circa

263 2004 1662 114 auf, wurde also widerumb nachen st. Johann zu rück ge¬

261 2083 1681 125 ¬sendet, allwo mich A^o 1735 die lust zum componieren

261 2167 1678 109 gekom̃en; habe von mich selbsten angefangen etwas

247 2233 1686 122 zu verfasen, welches beÿ mihr eine solche liebe zu der

258 2312 1678 116 music und composition erwecket, dass ich von dieser zeit an,

263 2396 1689 114 solche bis auf disen augenblick mit unverdrossenem fleiss

255 2477 1687 115 und müh continuiert habe. Nach dem ich in diesem jahr

266 2554 1673 114 widerumb nacher hauss bin zu ruck gerufen worden,

261 2630 1689 122 allda ich bis A^o 1738 verbliben, und in der music bestendig

269 2706 1673 125 mehr zu genommen, habe ich mich resolviert ein Religions

272 2788 1691 138 Cistercienser ordenß zu werden, derowegen ich ihm 31. October

1746 2872 217 100 1738....
