2448 3264
554 181 1736 150 alß wie beÿ mihr geschiehet, so würden nicht so villn uncorrecte

554 257 1721 158 bücher und schriften ans Tagliecht tretten. Ich wird just

554 331 1738 164 im widerspihl getadlet, daß ich in meinen Sachen vill zu exacte

556 435 1736 132 wäre: dan der Herr Vetter muß wissen, daß ich keinem

562 518 1740 129 meiner schreiber trauwe, alles muss durch meine Hand passieren

558 598 1737 143 und so nur ein Strichlein vill mahl nicht recht geschriben, so bin ich

556 680 1757 145 capabel, daß er mihr ein gantzen Bogen auf seinen Schaden und Kosten

556 772 1743 121 anderst schreiben muß. Es wäre wohl jmmer schad, wan ich in 20

562 855 1760 136 Jahren, da ich mich in der Perfection der Musique exerciere, nicht

573 941 1742 127 so will erlehrnt hätte, was sonst ein Lehrjunge gleich beÿm

563 1015 1747 131 Anfang wissen muss. hdsd. Man schauwet wahrhafft mich

578 1111 1287 109 noch vor ein a.b.c. Schütz in der musique an!

683 1178 1623 116 5.to Daß sie mit mihr von 100 Thlr und 12 exemplarien

558 1254 1755 124 auf 100 gl. hinundter marckten wollen, aus diesem wird es

574 1332 1761 118 nichts werden, sie werden hier in nach folgendten mich aus

580 1425 1741 110 einem weith anderen Thon hören sprechen. Ich will kein

573 1510 1771 120 Kauffman werden; umb meine Musicalien lasset sich nichts

587 1592 1748 137 marckten; wie ich einmahl eine Sach angnschlagen, beÿ dieser

591 1664 1737 142 bleibe, dan ich weis, daß ich noch nicht verlange, waß ich

603 1749 1739 133 mit recht prætendieren könte; Und waß ich verlanget, weis

594 1838 1754 125 ich vor Gott und der Welt zu verantworten, dan meine

603 1914 1728 124 Arbeith verdiente noch 3. Mahl so vill, ich werde daß mehr¬

592 2029 637 81 ¬ere bald meldten.

699 2070 1631 131 6.to Habe sondern obligation wegen der Freündtlichen

602 2172 1719 103 Jnvitation nacher St. Gallen, wan ich siche, daß der Vetter

600 2257 1748 93 mihr auch meine vorgetragene conditiones nicht net sprechen

605 2337 1739 105 will, alß wie ich verlange, so geduncket mich gleichsege stat..

614 2417 1719 90 daß es mihr, wie dem Tantulo, ergehe, demme man Wasser

609 2491 1722 103 und Früchts vorgestellet, der aber als angefessleter noch das

612 2582 1703 92 einte noch daß anderte geninssen konte. _ Hier habe ich so

629 2654 1710 93 kurt, als es möglich ware, din 6. Punckten beantwortet. _

799 2730 1527 100 Es folget nun ein andere weith saltsammere Scena.

649 2805 1668 105 Vorgestern als den 6. Junj, habe ich dem S. J./ Berg Ober¬

631 2885 1691 117 ¬Vogt die ehr angethan, umb selbem Vormittag eine visite ab¬

2127 2982 186 97 ¬zu statten
